%YAML 1.1
%TAG !u! tag:unity3d.com,2011:
--- !u!1 &6246553768472972558
GameObject:
  m_ObjectHideFlags: 0
  m_CorrespondingSourceObject: {fileID: 0}
  m_PrefabInstance: {fileID: 0}
  m_PrefabAsset: {fileID: 0}
  serializedVersion: 6
  m_Component:
  - component: {fileID: 6249630064292652360}
  m_Layer: 0
  m_Name: HornL04
  m_TagString: Untagged
  m_Icon: {fileID: 0}
  m_NavMeshLayer: 0
  m_StaticEditorFlags: 0
  m_IsActive: 1
--- !u!4 &6249630064292652360
Transform:
  m_ObjectHideFlags: 0
  m_CorrespondingSourceObject: {fileID: 0}
  m_PrefabInstance: {fileID: 0}
  m_PrefabAsset: {fileID: 0}
  m_GameObject: {fileID: 6246553768472972558}
  m_LocalRotation: {x: -0.41800854, y: -0.41738293, z: -0.57486486, w: 0.56620735}
  m_LocalPosition: {x: -0.03628026, y: -0.1045924, z: -0.42496833}
  m_LocalScale: {x: 1, y: 1, z: 1}
  m_Children:
  - {fileID: 6243425305295641720}
  m_Father: {fileID: 6249564653391166934}
  m_RootOrder: 3
  m_LocalEulerAnglesHint: {x: 0, y: 0, z: 0}
--- !u!1 &6246569087289117754
GameObject:
  m_ObjectHideFlags: 0
  m_CorrespondingSourceObject: {fileID: 0}
  m_PrefabInstance: {fileID: 0}
  m_PrefabAsset: {fileID: 0}
  serializedVersion: 6
  m_Component:
  - component: {fileID: 6249385271297786792}
  m_Layer: 0
  m_Name: HornMid02
  m_TagString: Untagged
  m_Icon: {fileID: 0}
  m_NavMeshLayer: 0
  m_StaticEditorFlags: 0
  m_IsActive: 1
--- !u!4 &6249385271297786792
Transform:
  m_ObjectHideFlags: 0
  m_CorrespondingSourceObject: {fileID: 0}
  m_PrefabInstance: {fileID: 0}
  m_PrefabAsset: {fileID: 0}
  m_GameObject: {fileID: 6246569087289117754}
  m_LocalRotation: {x: 1.4348309e-15, y: -0.00000002425134, z: -0.7650651, w: 0.64395297}
  m_LocalPosition: {x: -0.0054182825, y: 0.34079462, z: 0.000000007455179}
  m_LocalScale: {x: 1, y: 1, z: 1}
  m_Children:
  - {fileID: 6249784226898511434}
  m_Father: {fileID: 6249564653391166934}
  m_RootOrder: 5
  m_LocalEulerAnglesHint: {x: 0, y: 0, z: 0}
--- !u!1 &6246695177511940706
GameObject:
  m_ObjectHideFlags: 0
  m_CorrespondingSourceObject: {fileID: 0}
  m_PrefabInstance: {fileID: 0}
  m_PrefabAsset: {fileID: 0}
  serializedVersion: 6
  m_Component:
  - component: {fileID: 6249848760528834568}
  m_Layer: 0
  m_Name: HornRTip03
  m_TagString: Untagged
  m_Icon: {fileID: 0}
  m_NavMeshLayer: 0
  m_StaticEditorFlags: 0
  m_IsActive: 1
--- !u!4 &6249848760528834568
Transform:
  m_ObjectHideFlags: 0
  m_CorrespondingSourceObject: {fileID: 0}
  m_PrefabInstance: {fileID: 0}
  m_PrefabAsset: {fileID: 0}
  m_GameObject: {fileID: 6246695177511940706}
  m_LocalRotation: {x: 0.26555067, y: 0.08141571, z: 0.9184556, w: -0.28159118}
  m_LocalPosition: {x: -0.21928714, y: 5.3290704e-17, z: -1.0658141e-16}
  m_LocalScale: {x: 1, y: 1, z: 1}
  m_Children: []
  m_Father: {fileID: 6243532465056993990}
  m_RootOrder: 0
  m_LocalEulerAnglesHint: {x: 0, y: 0, z: 0}
--- !u!1 &6246801216542975956
GameObject:
  m_ObjectHideFlags: 0
  m_CorrespondingSourceObject: {fileID: 0}
  m_PrefabInstance: {fileID: 0}
  m_PrefabAsset: {fileID: 0}
  serializedVersion: 6
  m_Component:
  - component: {fileID: 6243555755881431448}
  m_Layer: 0
  m_Name: HornL02
  m_TagString: Untagged
  m_Icon: {fileID: 0}
  m_NavMeshLayer: 0
  m_StaticEditorFlags: 0
  m_IsActive: 1
--- !u!4 &6243555755881431448
Transform:
  m_ObjectHideFlags: 0
  m_CorrespondingSourceObject: {fileID: 0}
  m_PrefabInstance: {fileID: 0}
  m_PrefabAsset: {fileID: 0}
  m_GameObject: {fileID: 6246801216542975956}
  m_LocalRotation: {x: -0.42213657, y: -0.23888624, z: -0.43702134, w: 0.7574606}
  m_LocalPosition: {x: -0.24946098, y: 0.05954975, z: -0.3244844}
  m_LocalScale: {x: 1, y: 1, z: 1}
  m_Children:
  - {fileID: 6243117654925260746}
  m_Father: {fileID: 6249564653391166934}
  m_RootOrder: 1
  m_LocalEulerAnglesHint: {x: 0, y: 0, z: 0}
--- !u!1 &6246827566193910826
GameObject:
  m_ObjectHideFlags: 0
  m_CorrespondingSourceObject: {fileID: 0}
  m_PrefabInstance: {fileID: 0}
  m_PrefabAsset: {fileID: 0}
  serializedVersion: 6
  m_Component:
  - component: {fileID: 6249564653391166934}
  m_Layer: 0
  m_Name: Shell
  m_TagString: Untagged
  m_Icon: {fileID: 0}
  m_NavMeshLayer: 0
  m_StaticEditorFlags: 0
  m_IsActive: 1
--- !u!4 &6249564653391166934
Transform:
  m_ObjectHideFlags: 0
  m_CorrespondingSourceObject: {fileID: 0}
  m_PrefabInstance: {fileID: 0}
  m_PrefabAsset: {fileID: 0}
  m_GameObject: {fileID: 6246827566193910826}
  m_LocalRotation: {x: 2.7755582e-17, y: 2.775558e-17, z: 0.044605237, w: 0.9990047}
  m_LocalPosition: {x: -0.14992227, y: 0.37512904, z: 3.9375008e-17}
  m_LocalScale: {x: 1, y: 1, z: 1}
  m_Children:
  - {fileID: 6243248744542374900}
  - {fileID: 6243555755881431448}
  - {fileID: 6243133326092626596}
  - {fileID: 6249630064292652360}
  - {fileID: 6249696916374137340}
  - {fileID: 6249385271297786792}
  - {fileID: 6243256234984533366}
  - {fileID: 6243176359185161138}
  - {fileID: 6249488670582321492}
  - {fileID: 6243532465056993990}
  - {fileID: 6243581422178920354}
  m_Father: {fileID: 6249325011119172908}
  m_RootOrder: 0
  m_LocalEulerAnglesHint: {x: 0, y: 0, z: 0}
--- !u!1 &6246827621219260684
GameObject:
  m_ObjectHideFlags: 0
  m_CorrespondingSourceObject: {fileID: 0}
  m_PrefabInstance: {fileID: 0}
  m_PrefabAsset: {fileID: 0}
  serializedVersion: 6
  m_Component:
  - component: {fileID: 6243248744542374900}
  m_Layer: 0
  m_Name: HornL01
  m_TagString: Untagged
  m_Icon: {fileID: 0}
  m_NavMeshLayer: 0
  m_StaticEditorFlags: 0
  m_IsActive: 1
--- !u!4 &6243248744542374900
Transform:
  m_ObjectHideFlags: 0
  m_CorrespondingSourceObject: {fileID: 0}
  m_PrefabInstance: {fileID: 0}
  m_PrefabAsset: {fileID: 0}
  m_GameObject: {fileID: 6246827621219260684}
  m_LocalRotation: {x: -0.26555535, y: -0.26175007, z: -0.65684664, w: 0.65537757}
  m_LocalPosition: {x: -0.017729156, y: 0.2209885, z: -0.21630123}
  m_LocalScale: {x: 1, y: 1, z: 1}
  m_Children:
  - {fileID: 6249555405793649662}
  m_Father: {fileID: 6249564653391166934}
  m_RootOrder: 0
  m_LocalEulerAnglesHint: {x: 0, y: 0, z: 0}
--- !u!1 &6246841475262205732
GameObject:
  m_ObjectHideFlags: 0
  m_CorrespondingSourceObject: {fileID: 0}
  m_PrefabInstance: {fileID: 0}
  m_PrefabAsset: {fileID: 0}
  serializedVersion: 6
  m_Component:
  - component: {fileID: 6243234673815909428}
  m_Layer: 0
  m_Name: HornLTip03
  m_TagString: Untagged
  m_Icon: {fileID: 0}
  m_NavMeshLayer: 0
  m_StaticEditorFlags: 0
  m_IsActive: 1
--- !u!4 &6243234673815909428
Transform:
  m_ObjectHideFlags: 0
  m_CorrespondingSourceObject: {fileID: 0}
  m_PrefabInstance: {fileID: 0}
  m_PrefabAsset: {fileID: 0}
  m_GameObject: {fileID: 6246841475262205732}
  m_LocalRotation: {x: 0.081415825, y: -0.26555166, z: 0.28159046, w: 0.91845554}
  m_LocalPosition: {x: -0.21928728, y: -3.5527136e-17, z: 8.8817837e-17}
  m_LocalScale: {x: 1, y: 1, z: 1}
  m_Children: []
  m_Father: {fileID: 6243133326092626596}
  m_RootOrder: 0
  m_LocalEulerAnglesHint: {x: 0, y: 0, z: 0}
--- !u!1 &6246875561227527128
GameObject:
  m_ObjectHideFlags: 0
  m_CorrespondingSourceObject: {fileID: 0}
  m_PrefabInstance: {fileID: 0}
  m_PrefabAsset: {fileID: 0}
  serializedVersion: 6
  m_Component:
  - component: {fileID: 6249784226898511434}
  m_Layer: 0
  m_Name: HornMidTip02
  m_TagString: Untagged
  m_Icon: {fileID: 0}
  m_NavMeshLayer: 0
  m_StaticEditorFlags: 0
  m_IsActive: 1
--- !u!4 &6249784226898511434
Transform:
  m_ObjectHideFlags: 0
  m_CorrespondingSourceObject: {fileID: 0}
  m_PrefabInstance: {fileID: 0}
  m_PrefabAsset: {fileID: 0}
  m_GameObject: {fileID: 6246875561227527128}
  m_LocalRotation: {x: 0.057619154, y: -0.7047553, z: 0.05761915, w: 0.7047553}
  m_LocalPosition: {x: -0.23869218, y: -2.6645352e-17, z: 5.2939556e-24}
  m_LocalScale: {x: 1, y: 1, z: 1}
  m_Children: []
  m_Father: {fileID: 6249385271297786792}
  m_RootOrder: 0
  m_LocalEulerAnglesHint: {x: 0, y: 0, z: 0}
--- !u!1 &6246918666937205378
GameObject:
  m_ObjectHideFlags: 0
  m_CorrespondingSourceObject: {fileID: 0}
  m_PrefabInstance: {fileID: 0}
  m_PrefabAsset: {fileID: 0}
  serializedVersion: 6
  m_Component:
  - component: {fileID: 6249741942807411672}
  m_Layer: 0
  m_Name: Spine02
  m_TagString: Untagged
  m_Icon: {fileID: 0}
  m_NavMeshLayer: 0
  m_StaticEditorFlags: 0
  m_IsActive: 1
--- !u!4 &6249741942807411672
Transform:
  m_ObjectHideFlags: 0
  m_CorrespondingSourceObject: {fileID: 0}
  m_PrefabInstance: {fileID: 0}
  m_PrefabAsset: {fileID: 0}
  m_GameObject: {fileID: 6246918666937205378}
  m_LocalRotation: {x: -5.5511148e-17, y: 1.110223e-16, z: -0.12665388, w: 0.991947}
  m_LocalPosition: {x: -0.33054718, y: -3.5527136e-17, z: 7.552034e-17}
  m_LocalScale: {x: 1, y: 1, z: 1}
  m_Children:
  - {fileID: 6249416465798999758}
  m_Father: {fileID: 6249325011119172908}
  m_RootOrder: 1
  m_LocalEulerAnglesHint: {x: 0, y: 0, z: 0}
--- !u!1 &6246984551083313024
GameObject:
  m_ObjectHideFlags: 0
  m_CorrespondingSourceObject: {fileID: 0}
  m_PrefabInstance: {fileID: 0}
  m_PrefabAsset: {fileID: 0}
  serializedVersion: 6
  m_Component:
  - component: {fileID: 6243532465056993990}
  m_Layer: 0
  m_Name: HornR03
  m_TagString: Untagged
  m_Icon: {fileID: 0}
  m_NavMeshLayer: 0
  m_StaticEditorFlags: 0
  m_IsActive: 1
--- !u!4 &6243532465056993990
Transform:
  m_ObjectHideFlags: 0
  m_CorrespondingSourceObject: {fileID: 0}
  m_PrefabInstance: {fileID: 0}
  m_PrefabAsset: {fileID: 0}
  m_GameObject: {fileID: 6246984551083313024}
  m_LocalRotation: {x: -0.22814058, y: -0.42559305, z: 0.7752108, w: -0.40727222}
  m_LocalPosition: {x: 0.25218153, y: 0.0641951, z: 0.31771898}
  m_LocalScale: {x: 1, y: 1, z: 1}
  m_Children:
  - {fileID: 6249848760528834568}
  m_Father: {fileID: 6249564653391166934}
  m_RootOrder: 9
  m_LocalEulerAnglesHint: {x: 0, y: 0, z: 0}
--- !u!1 &6246985861548818100
GameObject:
  m_ObjectHideFlags: 0
  m_CorrespondingSourceObject: {fileID: 0}
  m_PrefabInstance: {fileID: 0}
  m_PrefabAsset: {fileID: 0}
  serializedVersion: 6
  m_Component:
  - component: {fileID: 6249796608174607180}
  m_Layer: 0
  m_Name: UpperCover
  m_TagString: Untagged
  m_Icon: {fileID: 0}
  m_NavMeshLayer: 0
  m_StaticEditorFlags: 0
  m_IsActive: 1
--- !u!4 &6249796608174607180
Transform:
  m_ObjectHideFlags: 0
  m_CorrespondingSourceObject: {fileID: 0}
  m_PrefabInstance: {fileID: 0}
  m_PrefabAsset: {fileID: 0}
  m_GameObject: {fileID: 6246985861548818100}
  m_LocalRotation: {x: -0.43952665, y: -0.55391, z: -0.43952665, w: 0.55391}
  m_LocalPosition: {x: -0.13390945, y: 2.432437e-17, z: 4.1713996e-10}
  m_LocalScale: {x: 1, y: 1, z: 1}
  m_Children: []
  m_Father: {fileID: 6249416465798999758}
  m_RootOrder: 2
  m_LocalEulerAnglesHint: {x: 0, y: 0, z: 0}
--- !u!1 &6247027826885040314
GameObject:
  m_ObjectHideFlags: 0
  m_CorrespondingSourceObject: {fileID: 0}
  m_PrefabInstance: {fileID: 0}
  m_PrefabAsset: {fileID: 0}
  serializedVersion: 6
  m_Component:
  - component: {fileID: 6243133326092626596}
  m_Layer: 0
  m_Name: HornL03
  m_TagString: Untagged
  m_Icon: {fileID: 0}
  m_NavMeshLayer: 0
  m_StaticEditorFlags: 0
  m_IsActive: 1
--- !u!4 &6243133326092626596
Transform:
  m_ObjectHideFlags: 0
  m_CorrespondingSourceObject: {fileID: 0}
  m_PrefabInstance: {fileID: 0}
  m_PrefabAsset: {fileID: 0}
  m_GameObject: {fileID: 6247027826885040314}
  m_LocalRotation: {x: 0.22814049, y: 0.4255921, z: 0.77521104, w: -0.40727293}
  m_LocalPosition: {x: 0.25218183, y: 0.06419484, z: -0.3177189}
  m_LocalScale: {x: 1, y: 1, z: 1}
  m_Children:
  - {fileID: 6243234673815909428}
  m_Father: {fileID: 6249564653391166934}
  m_RootOrder: 2
  m_LocalEulerAnglesHint: {x: 0, y: 0, z: 0}
--- !u!1 &6247031861098499794
GameObject:
  m_ObjectHideFlags: 0
  m_CorrespondingSourceObject: {fileID: 0}
  m_PrefabInstance: {fileID: 0}
  m_PrefabAsset: {fileID: 0}
  serializedVersion: 6
  m_Component:
  - component: {fileID: 6249462646652344598}
  m_Layer: 0
  m_Name: Eyeball
  m_TagString: Untagged
  m_Icon: {fileID: 0}
  m_NavMeshLayer: 0
  m_StaticEditorFlags: 0
  m_IsActive: 1
--- !u!4 &6249462646652344598
Transform:
  m_ObjectHideFlags: 0
  m_CorrespondingSourceObject: {fileID: 0}
  m_PrefabInstance: {fileID: 0}
  m_PrefabAsset: {fileID: 0}
  m_GameObject: {fileID: 6247031861098499794}
  m_LocalRotation: {x: -0.43952665, y: -0.55391, z: -0.43952665, w: 0.55391}
  m_LocalPosition: {x: -0.13390945, y: 2.432437e-17, z: 4.1713996e-10}
  m_LocalScale: {x: 1, y: 1, z: 1}
  m_Children: []
  m_Father: {fileID: 6249416465798999758}
  m_RootOrder: 1
  m_LocalEulerAnglesHint: {x: 0, y: 0, z: 0}
--- !u!1 &6247033798905525276
GameObject:
  m_ObjectHideFlags: 0
  m_CorrespondingSourceObject: {fileID: 0}
  m_PrefabInstance: {fileID: 0}
  m_PrefabAsset: {fileID: 0}
  serializedVersion: 6
  m_Component:
  - component: {fileID: 6243256234984533366}
  m_Layer: 0
  m_Name: HornMid03
  m_TagString: Untagged
  m_Icon: {fileID: 0}
  m_NavMeshLayer: 0
  m_StaticEditorFlags: 0
  m_IsActive: 1
--- !u!4 &6243256234984533366
Transform:
  m_ObjectHideFlags: 0
  m_CorrespondingSourceObject: {fileID: 0}
  m_PrefabInstance: {fileID: 0}
  m_PrefabAsset: {fileID: 0}
  m_GameObject: {fileID: 6247033798905525276}
  m_LocalRotation: {x: -0.000000005601928, y: -0.000000012587479, z: -0.40659255,
    w: 0.9136096}
  m_LocalPosition: {x: -0.37328306, y: 0.17870386, z: 0.000000006434258}
  m_LocalScale: {x: 1, y: 1, z: 1}
  m_Children:
  - {fileID: 6243404614234264744}
  m_Father: {fileID: 6249564653391166934}
  m_RootOrder: 6
  m_LocalEulerAnglesHint: {x: 0, y: 0, z: 0}
--- !u!1 &6247092849697811088
GameObject:
  m_ObjectHideFlags: 0
  m_CorrespondingSourceObject: {fileID: 0}
  m_PrefabInstance: {fileID: 0}
  m_PrefabAsset: {fileID: 0}
  serializedVersion: 6
  m_Component:
  - component: {fileID: 6249325011119172908}
  m_Layer: 0
  m_Name: Spine01
  m_TagString: Untagged
  m_Icon: {fileID: 0}
  m_NavMeshLayer: 0
  m_StaticEditorFlags: 0
  m_IsActive: 1
--- !u!4 &6249325011119172908
Transform:
  m_ObjectHideFlags: 0
  m_CorrespondingSourceObject: {fileID: 0}
  m_PrefabInstance: {fileID: 0}
  m_PrefabAsset: {fileID: 0}
  m_GameObject: {fileID: 6247092849697811088}
  m_LocalRotation: {x: 5.551115e-17, y: 5.551115e-17, z: -0.092510164, w: 0.99571174}
  m_LocalPosition: {x: -0.31336257, y: 1.0658141e-16, z: 1.3916094e-16}
  m_LocalScale: {x: 1, y: 1, z: 1}
  m_Children:
  - {fileID: 6249564653391166934}
  - {fileID: 6249741942807411672}
  m_Father: {fileID: 6243584792939520300}
  m_RootOrder: 0
  m_LocalEulerAnglesHint: {x: 0, y: 0, z: 0}
--- !u!1 &6247129466190625738
GameObject:
  m_ObjectHideFlags: 0
  m_CorrespondingSourceObject: {fileID: 0}
  m_PrefabInstance: {fileID: 0}
  m_PrefabAsset: {fileID: 0}
  serializedVersion: 6
  m_Component:
  - component: {fileID: 6243551725860565680}
  m_Layer: 0
  m_Name: BottomCover
  m_TagString: Untagged
  m_Icon: {fileID: 0}
  m_NavMeshLayer: 0
  m_StaticEditorFlags: 0
  m_IsActive: 1
--- !u!4 &6243551725860565680
Transform:
  m_ObjectHideFlags: 0
  m_CorrespondingSourceObject: {fileID: 0}
  m_PrefabInstance: {fileID: 0}
  m_PrefabAsset: {fileID: 0}
  m_GameObject: {fileID: 6247129466190625738}
  m_LocalRotation: {x: -0.43952665, y: -0.55391, z: -0.43952665, w: 0.55391}
  m_LocalPosition: {x: -0.13390945, y: 2.432437e-17, z: 4.1713996e-10}
  m_LocalScale: {x: 1, y: 1, z: 1}
  m_Children: []
  m_Father: {fileID: 6249416465798999758}
  m_RootOrder: 0
  m_LocalEulerAnglesHint: {x: 0, y: 0, z: 0}
--- !u!1 &6247167073969092310
GameObject:
  m_ObjectHideFlags: 0
  m_CorrespondingSourceObject: {fileID: 0}
  m_PrefabInstance: {fileID: 0}
  m_PrefabAsset: {fileID: 0}
  serializedVersion: 6
  m_Component:
  - component: {fileID: 6243404614234264744}
  m_Layer: 0
  m_Name: HornMidTip03
  m_TagString: Untagged
  m_Icon: {fileID: 0}
  m_NavMeshLayer: 0
  m_StaticEditorFlags: 0
  m_IsActive: 1
--- !u!4 &6243404614234264744
Transform:
  m_ObjectHideFlags: 0
  m_CorrespondingSourceObject: {fileID: 0}
  m_PrefabInstance: {fileID: 0}
  m_PrefabAsset: {fileID: 0}
  m_GameObject: {fileID: 6247167073969092310}
  m_LocalRotation: {x: -0.2562576, y: -0.6590387, z: -0.2562576, w: 0.6590387}
  m_LocalPosition: {x: -0.23350188, y: -1.7763568e-17, z: -1.0587912e-24}
  m_LocalScale: {x: 1, y: 1, z: 1}
  m_Children: []
  m_Father: {fileID: 6243256234984533366}
  m_RootOrder: 0
  m_LocalEulerAnglesHint: {x: 0, y: 0, z: 0}
--- !u!1 &6247179034142945610
GameObject:
  m_ObjectHideFlags: 0
  m_CorrespondingSourceObject: {fileID: 0}
  m_PrefabInstance: {fileID: 0}
  m_PrefabAsset: {fileID: 0}
  serializedVersion: 6
  m_Component:
  - component: {fileID: 6249416465798999758}
  m_Layer: 0
  m_Name: Head
  m_TagString: Untagged
  m_Icon: {fileID: 0}
  m_NavMeshLayer: 0
  m_StaticEditorFlags: 0
  m_IsActive: 1
--- !u!4 &6249416465798999758
Transform:
  m_ObjectHideFlags: 0
  m_CorrespondingSourceObject: {fileID: 0}
  m_PrefabInstance: {fileID: 0}
  m_PrefabAsset: {fileID: 0}
  m_GameObject: {fileID: 6247179034142945610}
  m_LocalRotation: {x: -5.551115e-17, y: 5.551115e-17, z: 0.052788194, w: 0.9986057}
  m_LocalPosition: {x: -0.2659768, y: 1.9539925e-16, z: 0.000000001408367}
  m_LocalScale: {x: 1, y: 1, z: 1}
  m_Children:
  - {fileID: 6243551725860565680}
  - {fileID: 6249462646652344598}
  - {fileID: 6249796608174607180}
  m_Father: {fileID: 6249741942807411672}
  m_RootOrder: 0
  m_LocalEulerAnglesHint: {x: 0, y: 0, z: 0}
--- !u!1 &6247180890146495212
GameObject:
  m_ObjectHideFlags: 0
  m_CorrespondingSourceObject: {fileID: 0}
  m_PrefabInstance: {fileID: 0}
  m_PrefabAsset: {fileID: 0}
  serializedVersion: 6
  m_Component:
  - component: {fileID: 6243581422178920354}
  m_Layer: 0
  m_Name: HornR04
  m_TagString: Untagged
  m_Icon: {fileID: 0}
  m_NavMeshLayer: 0
  m_StaticEditorFlags: 0
  m_IsActive: 1
--- !u!4 &6243581422178920354
Transform:
  m_ObjectHideFlags: 0
  m_CorrespondingSourceObject: {fileID: 0}
  m_PrefabInstance: {fileID: 0}
  m_PrefabAsset: {fileID: 0}
  m_GameObject: {fileID: 6247180890146495212}
  m_LocalRotation: {x: 0.41800904, y: 0.41738322, z: -0.5748644, w: 0.5662073}
  m_LocalPosition: {x: -0.036280468, y: -0.104592174, z: 0.42496797}
  m_LocalScale: {x: 1, y: 1, z: 1}
  m_Children:
  - {fileID: 6249308125947306996}
  m_Father: {fileID: 6249564653391166934}
  m_RootOrder: 10
  m_LocalEulerAnglesHint: {x: 0, y: 0, z: 0}
--- !u!1 &6247251055618684960
GameObject:
  m_ObjectHideFlags: 0
  m_CorrespondingSourceObject: {fileID: 0}
  m_PrefabInstance: {fileID: 0}
  m_PrefabAsset: {fileID: 0}
  serializedVersion: 6
  m_Component:
  - component: {fileID: 6243517451992175130}
  - component: {fileID: 6247678763920389753}
  - component: {fileID: 6247678763920389759}
  - component: {fileID: 6247678763920389758}
  m_Layer: 0
  m_Name: TurtleShell
  m_TagString: Untagged
  m_Icon: {fileID: 0}
  m_NavMeshLayer: 0
  m_StaticEditorFlags: 0
  m_IsActive: 1
--- !u!4 &6243517451992175130
Transform:
  m_ObjectHideFlags: 0
  m_CorrespondingSourceObject: {fileID: 0}
  m_PrefabInstance: {fileID: 0}
  m_PrefabAsset: {fileID: 0}
  m_GameObject: {fileID: 6247251055618684960}
  m_LocalRotation: {x: 0, y: 0, z: 0, w: 1}
  m_LocalPosition: {x: 0.873, y: -2.08, z: -0.148}
  m_LocalScale: {x: 1, y: 1, z: 1}
  m_Children:
  - {fileID: 6243584792939520300}
  - {fileID: 6243255416595093174}
  m_Father: {fileID: 0}
  m_RootOrder: 0
  m_LocalEulerAnglesHint: {x: 0, y: 0, z: 0}
--- !u!65 &6247678763920389753
BoxCollider:
  m_ObjectHideFlags: 0
  m_CorrespondingSourceObject: {fileID: 0}
  m_PrefabInstance: {fileID: 0}
  m_PrefabAsset: {fileID: 0}
  m_GameObject: {fileID: 6247251055618684960}
  m_Material: {fileID: 0}
  m_IsTrigger: 0
  m_Enabled: 1
  serializedVersion: 2
  m_Size: {x: 1, y: 1, z: 1}
  m_Center: {x: 0, y: 0.51, z: 0}
--- !u!114 &6247678763920389759
MonoBehaviour:
  m_ObjectHideFlags: 0
  m_CorrespondingSourceObject: {fileID: 0}
  m_PrefabInstance: {fileID: 0}
  m_PrefabAsset: {fileID: 0}
  m_GameObject: {fileID: 6247251055618684960}
  m_Enabled: 1
  m_EditorHideFlags: 0
  m_Script: {fileID: 11500000, guid: 2795395a82c50d24a97438929c6a7761, type: 3}
  m_Name: 
  m_EditorClassIdentifier: 
  damage: 1
  tagToAffect: Player
  isProjectile: 0
  isObstacle: 1
--- !u!114 &6247678763920389758
MonoBehaviour:
  m_ObjectHideFlags: 0
  m_CorrespondingSourceObject: {fileID: 0}
  m_PrefabInstance: {fileID: 0}
  m_PrefabAsset: {fileID: 0}
  m_GameObject: {fileID: 6247251055618684960}
  m_Enabled: 1
  m_EditorHideFlags: 0
  m_Script: {fileID: 11500000, guid: 4ac3ec0d9f731304dae18764b65963b3, type: 3}
  m_Name: 
  m_EditorClassIdentifier: 
  myDamageDealer: {fileID: 6247678763920389759}
  forceVector: {x: 0, y: 1, z: 0}
  forceValue: 7
--- !u!1 &6247280008555771538
GameObject:
  m_ObjectHideFlags: 0
  m_CorrespondingSourceObject: {fileID: 0}
  m_PrefabInstance: {fileID: 0}
  m_PrefabAsset: {fileID: 0}
  serializedVersion: 6
  m_Component:
  - component: {fileID: 6249851691011849318}
  m_Layer: 0
  m_Name: HornRTip02
  m_TagString: Untagged
  m_Icon: {fileID: 0}
  m_NavMeshLayer: 0
  m_StaticEditorFlags: 0
  m_IsActive: 1
--- !u!4 &6249851691011849318
Transform:
  m_ObjectHideFlags: 0
  m_CorrespondingSourceObject: {fileID: 0}
  m_PrefabInstance: {fileID: 0}
  m_PrefabAsset: {fileID: 0}
  m_GameObject: {fileID: 6247280008555771538}
  m_LocalRotation: {x: 0.26567763, y: -0.07246102, z: 0.9274581, w: 0.2529553}
  m_LocalPosition: {x: -0.22917853, y: -3.1086245e-17, z: 1.0658141e-16}
  m_LocalScale: {x: 1, y: 1, z: 1}
  m_Children: []
  m_Father: {fileID: 6249488670582321492}
  m_RootOrder: 0
  m_LocalEulerAnglesHint: {x: 0, y: 0, z: 0}
--- !u!1 &6247288333611531148
GameObject:
  m_ObjectHideFlags: 0
  m_CorrespondingSourceObject: {fileID: 0}
  m_PrefabInstance: {fileID: 0}
  m_PrefabAsset: {fileID: 0}
  serializedVersion: 6
  m_Component:
  - component: {fileID: 6243425305295641720}
  m_Layer: 0
  m_Name: HornLTip04
  m_TagString: Untagged
  m_Icon: {fileID: 0}
  m_NavMeshLayer: 0
  m_StaticEditorFlags: 0
  m_IsActive: 1
--- !u!4 &6243425305295641720
Transform:
  m_ObjectHideFlags: 0
  m_CorrespondingSourceObject: {fileID: 0}
  m_PrefabInstance: {fileID: 0}
  m_PrefabAsset: {fileID: 0}
  m_GameObject: {fileID: 6247288333611531148}
  m_LocalRotation: {x: 0.00052262837, y: -0.15285578, z: 0.0033788949, w: 0.9882426}
  m_LocalPosition: {x: -0.25213814, y: -3.8857806e-18, z: -1.7763568e-17}
  m_LocalScale: {x: 1, y: 1, z: 1}
  m_Children: []
  m_Father: {fileID: 6249630064292652360}
  m_RootOrder: 0
  m_LocalEulerAnglesHint: {x: 0, y: 0, z: 0}
--- !u!1 &6247306030842970592
GameObject:
  m_ObjectHideFlags: 0
  m_CorrespondingSourceObject: {fileID: 0}
  m_PrefabInstance: {fileID: 0}
  m_PrefabAsset: {fileID: 0}
  serializedVersion: 6
  m_Component:
  - component: {fileID: 6243255416595093174}
  - component: {fileID: 6292594551142393894}
  m_Layer: 0
  m_Name: TurtleShell
  m_TagString: Untagged
  m_Icon: {fileID: 0}
  m_NavMeshLayer: 0
  m_StaticEditorFlags: 0
  m_IsActive: 1
--- !u!4 &6243255416595093174
Transform:
  m_ObjectHideFlags: 0
  m_CorrespondingSourceObject: {fileID: 0}
  m_PrefabInstance: {fileID: 0}
  m_PrefabAsset: {fileID: 0}
  m_GameObject: {fileID: 6247306030842970592}
  m_LocalRotation: {x: -0.7071068, y: 0, z: -0, w: 0.7071068}
  m_LocalPosition: {x: -0, y: -0.012334714, z: 0}
  m_LocalScale: {x: 1, y: 1, z: 1}
  m_Children: []
  m_Father: {fileID: 6243517451992175130}
  m_RootOrder: 1
  m_LocalEulerAnglesHint: {x: 0, y: 0, z: 0}
--- !u!137 &6292594551142393894
SkinnedMeshRenderer:
  m_ObjectHideFlags: 0
  m_CorrespondingSourceObject: {fileID: 0}
  m_PrefabInstance: {fileID: 0}
  m_PrefabAsset: {fileID: 0}
  m_GameObject: {fileID: 6247306030842970592}
  m_Enabled: 1
  m_CastShadows: 1
  m_ReceiveShadows: 1
  m_DynamicOccludee: 1
  m_MotionVectors: 1
  m_LightProbeUsage: 1
  m_ReflectionProbeUsage: 1
  m_RayTracingMode: 0
  m_RenderingLayerMask: 1
  m_RendererPriority: 0
  m_Materials:
  - {fileID: 2100000, guid: 507d4aa237c275a48b72e5772879be66, type: 2}
  m_StaticBatchInfo:
    firstSubMesh: 0
    subMeshCount: 0
  m_StaticBatchRoot: {fileID: 0}
  m_ProbeAnchor: {fileID: 0}
  m_LightProbeVolumeOverride: {fileID: 0}
  m_ScaleInLightmap: 1
  m_ReceiveGI: 1
  m_PreserveUVs: 0
  m_IgnoreNormalsForChartDetection: 0
  m_ImportantGI: 0
  m_StitchLightmapSeams: 1
  m_SelectedEditorRenderState: 3
  m_MinimumChartSize: 4
  m_AutoUVMaxDistance: 0.5
  m_AutoUVMaxAngle: 89
  m_LightmapParameters: {fileID: 0}
  m_SortingLayerID: 0
  m_SortingLayer: 0
  m_SortingOrder: 0
  serializedVersion: 2
  m_Quality: 0
  m_UpdateWhenOffscreen: 0
  m_SkinnedMotionVectors: 1
  m_Mesh: {fileID: 4300000, guid: 56dd4edec19a3b04195448769c085dfc, type: 3}
  m_Bones:
  - {fileID: 6243584792939520300}
  - {fileID: 6249325011119172908}
  - {fileID: 6249741942807411672}
  - {fileID: 6249416465798999758}
  - {fileID: 6249462646652344598}
  - {fileID: 6249796608174607180}
  - {fileID: 6243551725860565680}
  - {fileID: 6249564653391166934}
  - {fileID: 6249696916374137340}
  - {fileID: 6243558701495701570}
  - {fileID: 6249385271297786792}
  - {fileID: 6249784226898511434}
  - {fileID: 6243256234984533366}
  - {fileID: 6243404614234264744}
  - {fileID: 6243248744542374900}
  - {fileID: 6249555405793649662}
  - {fileID: 6243133326092626596}
  - {fileID: 6243234673815909428}
  - {fileID: 6243555755881431448}
  - {fileID: 6243117654925260746}
  - {fileID: 6249630064292652360}
  - {fileID: 6243425305295641720}
  - {fileID: 6243176359185161138}
  - {fileID: 6243252707445786310}
  - {fileID: 6249488670582321492}
  - {fileID: 6249851691011849318}
  - {fileID: 6243532465056993990}
  - {fileID: 6249848760528834568}
  - {fileID: 6243581422178920354}
  - {fileID: 6249308125947306996}
  m_BlendShapeWeights: []
  m_RootBone: {fileID: 6243584792939520300}
  m_AABB:
    m_Center: {x: -0.4468751, y: 0.3599043, z: 0}
    m_Extent: {x: 0.7597804, y: 0.7337334, z: 0.7809485}
  m_DirtyAABB: 0
--- !u!1 &6247332343984678564
GameObject:
  m_ObjectHideFlags: 0
  m_CorrespondingSourceObject: {fileID: 0}
  m_PrefabInstance: {fileID: 0}
  m_PrefabAsset: {fileID: 0}
  serializedVersion: 6
  m_Component:
  - component: {fileID: 6243558701495701570}
  m_Layer: 0
  m_Name: HornMidTip01
  m_TagString: Untagged
  m_Icon: {fileID: 0}
  m_NavMeshLayer: 0
  m_StaticEditorFlags: 0
  m_IsActive: 1
--- !u!4 &6243558701495701570
Transform:
  m_ObjectHideFlags: 0
  m_CorrespondingSourceObject: {fileID: 0}
  m_PrefabInstance: {fileID: 0}
  m_PrefabAsset: {fileID: 0}
  m_GameObject: {fileID: 6247332343984678564}
  m_LocalRotation: {x: 0.35630658, y: -0.6107746, z: 0.35630658, w: 0.61077464}
  m_LocalPosition: {x: -0.23230301, y: -8.8817837e-17, z: 0.0000000021612534}
  m_LocalScale: {x: 1, y: 1, z: 1}
  m_Children: []
  m_Father: {fileID: 6249696916374137340}
  m_RootOrder: 0
  m_LocalEulerAnglesHint: {x: 0, y: 0, z: 0}
--- !u!1 &6247394735395375368
GameObject:
  m_ObjectHideFlags: 0
  m_CorrespondingSourceObject: {fileID: 0}
  m_PrefabInstance: {fileID: 0}
  m_PrefabAsset: {fileID: 0}
  serializedVersion: 6
  m_Component:
  - component: {fileID: 6243117654925260746}
  m_Layer: 0
  m_Name: HornLTip02
  m_TagString: Untagged
  m_Icon: {fileID: 0}
  m_NavMeshLayer: 0
  m_StaticEditorFlags: 0
  m_IsActive: 1
--- !u!4 &6243117654925260746
Transform:
  m_ObjectHideFlags: 0
  m_CorrespondingSourceObject: {fileID: 0}
  m_PrefabInstance: {fileID: 0}
  m_PrefabAsset: {fileID: 0}
  m_GameObject: {fileID: 6247394735395375368}
  m_LocalRotation: {x: -0.072460696, y: -0.26567754, z: -0.25295433, w: 0.92745835}
  m_LocalPosition: {x: -0.22917813, y: -8.881784e-18, z: 1.7763568e-17}
  m_LocalScale: {x: 1, y: 1, z: 1}
  m_Children: []
  m_Father: {fileID: 6243555755881431448}
  m_RootOrder: 0
  m_LocalEulerAnglesHint: {x: 0, y: 0, z: 0}
--- !u!1 &6248617916922496994
GameObject:
  m_ObjectHideFlags: 0
  m_CorrespondingSourceObject: {fileID: 0}
  m_PrefabInstance: {fileID: 0}
  m_PrefabAsset: {fileID: 0}
  serializedVersion: 6
  m_Component:
  - component: {fileID: 6243176359185161138}
  m_Layer: 0
  m_Name: HornR01
  m_TagString: Untagged
  m_Icon: {fileID: 0}
  m_NavMeshLayer: 0
  m_StaticEditorFlags: 0
  m_IsActive: 1
--- !u!4 &6243176359185161138
Transform:
  m_ObjectHideFlags: 0
  m_CorrespondingSourceObject: {fileID: 0}
  m_PrefabInstance: {fileID: 0}
  m_PrefabAsset: {fileID: 0}
  m_GameObject: {fileID: 6248617916922496994}
  m_LocalRotation: {x: 0.2655548, y: 0.2617494, z: -0.6568468, w: 0.65537786}
  m_LocalPosition: {x: -0.01772882, y: 0.22098848, z: 0.216301}
  m_LocalScale: {x: 1, y: 1, z: 1}
  m_Children:
  - {fileID: 6243252707445786310}
  m_Father: {fileID: 6249564653391166934}
  m_RootOrder: 7
  m_LocalEulerAnglesHint: {x: 0, y: 0, z: 0}
--- !u!1 &6248618328382977910
GameObject:
  m_ObjectHideFlags: 0
  m_CorrespondingSourceObject: {fileID: 0}
  m_PrefabInstance: {fileID: 0}
  m_PrefabAsset: {fileID: 0}
  serializedVersion: 6
  m_Component:
  - component: {fileID: 6249696916374137340}
  m_Layer: 0
  m_Name: HornMid01
  m_TagString: Untagged
  m_Icon: {fileID: 0}
  m_NavMeshLayer: 0
  m_StaticEditorFlags: 0
  m_IsActive: 1
--- !u!4 &6249696916374137340
Transform:
  m_ObjectHideFlags: 0
  m_CorrespondingSourceObject: {fileID: 0}
  m_PrefabInstance: {fileID: 0}
  m_PrefabAsset: {fileID: 0}
  m_GameObject: {fileID: 6248618328382977910}
  m_LocalRotation: {x: 0.000000004503562, y: -0.000000017409898, z: 0.9681334, w: -0.25043505}
  m_LocalPosition: {x: 0.37650892, y: 0.018608263, z: -0.000000002161254}
  m_LocalScale: {x: 1, y: 1, z: 1}
  m_Children:
  - {fileID: 6243558701495701570}
  m_Father: {fileID: 6249564653391166934}
  m_RootOrder: 4
  m_LocalEulerAnglesHint: {x: 0, y: 0, z: 0}
--- !u!1 &6248628552853928474
GameObject:
  m_ObjectHideFlags: 0
  m_CorrespondingSourceObject: {fileID: 0}
  m_PrefabInstance: {fileID: 0}
  m_PrefabAsset: {fileID: 0}
  serializedVersion: 6
  m_Component:
  - component: {fileID: 6249488670582321492}
  m_Layer: 0
  m_Name: HornR02
  m_TagString: Untagged
  m_Icon: {fileID: 0}
  m_NavMeshLayer: 0
  m_StaticEditorFlags: 0
  m_IsActive: 1
--- !u!4 &6249488670582321492
Transform:
  m_ObjectHideFlags: 0
  m_CorrespondingSourceObject: {fileID: 0}
  m_PrefabInstance: {fileID: 0}
  m_PrefabAsset: {fileID: 0}
  m_GameObject: {fileID: 6248628552853928474}
  m_LocalRotation: {x: 0.42213666, y: 0.23888575, z: -0.43702057, w: 0.7574611}
  m_LocalPosition: {x: -0.2494606, y: 0.059549563, z: 0.324484}
  m_LocalScale: {x: 1, y: 1, z: 1}
  m_Children:
  - {fileID: 6249851691011849318}
  m_Father: {fileID: 6249564653391166934}
  m_RootOrder: 8
  m_LocalEulerAnglesHint: {x: 0, y: 0, z: 0}
--- !u!1 &6248634633262557822
GameObject:
  m_ObjectHideFlags: 0
  m_CorrespondingSourceObject: {fileID: 0}
  m_PrefabInstance: {fileID: 0}
  m_PrefabAsset: {fileID: 0}
  serializedVersion: 6
  m_Component:
  - component: {fileID: 6249555405793649662}
  m_Layer: 0
  m_Name: HornLTip01
  m_TagString: Untagged
  m_Icon: {fileID: 0}
  m_NavMeshLayer: 0
  m_StaticEditorFlags: 0
  m_IsActive: 1
--- !u!4 &6249555405793649662
Transform:
  m_ObjectHideFlags: 0
  m_CorrespondingSourceObject: {fileID: 0}
  m_PrefabInstance: {fileID: 0}
  m_PrefabAsset: {fileID: 0}
  m_GameObject: {fileID: 6248634633262557822}
  m_LocalRotation: {x: -0.0011963486, y: -0.39245114, z: -0.0028038216, w: 0.91976786}
  m_LocalPosition: {x: -0.2606151, y: -7.910339e-17, z: -5.3290704e-17}
  m_LocalScale: {x: 1, y: 1, z: 1}
  m_Children: []
  m_Father: {fileID: 6243248744542374900}
  m_RootOrder: 0
  m_LocalEulerAnglesHint: {x: 0, y: 0, z: 0}
--- !u!1 &6248705735382031472
GameObject:
  m_ObjectHideFlags: 0
  m_CorrespondingSourceObject: {fileID: 0}
  m_PrefabInstance: {fileID: 0}
  m_PrefabAsset: {fileID: 0}
  serializedVersion: 6
  m_Component:
  - component: {fileID: 6249308125947306996}
  m_Layer: 0
  m_Name: HornRTip04
  m_TagString: Untagged
  m_Icon: {fileID: 0}
  m_NavMeshLayer: 0
  m_StaticEditorFlags: 0
  m_IsActive: 1
--- !u!4 &6249308125947306996
Transform:
  m_ObjectHideFlags: 0
  m_CorrespondingSourceObject: {fileID: 0}
  m_PrefabInstance: {fileID: 0}
  m_PrefabAsset: {fileID: 0}
  m_GameObject: {fileID: 6248705735382031472}
  m_LocalRotation: {x: 0.1528551, y: 0.0005225814, z: 0.9882427, w: -0.0033786069}
  m_LocalPosition: {x: -0.252138, y: -3.4902634e-17, z: -5.3290704e-17}
  m_LocalScale: {x: 1, y: 1, z: 1}
  m_Children: []
  m_Father: {fileID: 6243581422178920354}
  m_RootOrder: 0
  m_LocalEulerAnglesHint: {x: 0, y: 0, z: 0}
--- !u!1 &6248715402405827862
GameObject:
  m_ObjectHideFlags: 0
  m_CorrespondingSourceObject: {fileID: 0}
  m_PrefabInstance: {fileID: 0}
  m_PrefabAsset: {fileID: 0}
  serializedVersion: 6
  m_Component:
  - component: {fileID: 6243252707445786310}
  m_Layer: 0
  m_Name: HornRTip01
  m_TagString: Untagged
  m_Icon: {fileID: 0}
  m_NavMeshLayer: 0
  m_StaticEditorFlags: 0
  m_IsActive: 1
--- !u!4 &6243252707445786310
Transform:
  m_ObjectHideFlags: 0
  m_CorrespondingSourceObject: {fileID: 0}
  m_PrefabInstance: {fileID: 0}
  m_PrefabAsset: {fileID: 0}
  m_GameObject: {fileID: 6248715402405827862}
  m_LocalRotation: {x: 0.39245197, y: -0.0011964226, z: 0.91976744, w: 0.0028039878}
  m_LocalPosition: {x: -0.26061526, y: -1.56819e-17, z: -1.5987211e-16}
  m_LocalScale: {x: 1, y: 1, z: 1}
  m_Children: []
  m_Father: {fileID: 6243176359185161138}
  m_RootOrder: 0
  m_LocalEulerAnglesHint: {x: 0, y: 0, z: 0}
--- !u!1 &6248730628490894480
GameObject:
  m_ObjectHideFlags: 0
  m_CorrespondingSourceObject: {fileID: 0}
  m_PrefabInstance: {fileID: 0}
  m_PrefabAsset: {fileID: 0}
  serializedVersion: 6
  m_Component:
  - component: {fileID: 6243584792939520300}
  m_Layer: 0
  m_Name: Body
  m_TagString: Untagged
  m_Icon: {fileID: 0}
  m_NavMeshLayer: 0
  m_StaticEditorFlags: 0
  m_IsActive: 1
--- !u!4 &6243584792939520300
Transform:
  m_ObjectHideFlags: 0
  m_CorrespondingSourceObject: {fileID: 0}
  m_PrefabInstance: {fileID: 0}
  m_PrefabAsset: {fileID: 0}
  m_GameObject: {fileID: 6248730628490894480}
  m_LocalRotation: {x: 0.036887553, y: 0.706144, z: 0.036887553, w: 0.706144}
  m_LocalPosition: {x: -0, y: 0.13463865, z: -0.5692238}
  m_LocalScale: {x: 1, y: 1, z: 1}
  m_Children:
  - {fileID: 6249325011119172908}
  m_Father: {fileID: 6243517451992175130}
  m_RootOrder: 0
  m_LocalEulerAnglesHint: {x: 0, y: 0, z: 0}
