%YAML 1.1
%TAG !u! tag:unity3d.com,2011:
--- !u!65 &1000371713307684776
BoxCollider:
  m_ObjectHideFlags: 0
  m_CorrespondingSourceObject: {fileID: 0}
  m_PrefabInstance: {fileID: 0}
  m_PrefabAsset: {fileID: 0}
  m_GameObject: {fileID: 7314630540568018105}
  m_Material: {fileID: 0}
  m_IsTrigger: 1
  m_Enabled: 1
  serializedVersion: 2
  m_Size: {x: 0.11518805, y: 0.4817833, z: 0.23719253}
  m_Center: {x: -0.000000041577014, y: 0.2482344, z: 0.24298388}
--- !u!114 &2569886467409563192
MonoBehaviour:
  m_ObjectHideFlags: 0
  m_CorrespondingSourceObject: {fileID: 0}
  m_PrefabInstance: {fileID: 0}
  m_PrefabAsset: {fileID: 0}
  m_GameObject: {fileID: 7314630540568018105}
  m_Enabled: 1
  m_EditorHideFlags: 0
  m_Script: {fileID: 11500000, guid: 2795395a82c50d24a97438929c6a7761, type: 3}
  m_Name: 
  m_EditorClassIdentifier: 
  damage: 2
  tagToAffect: Enemy
  isProjectile: 0
  isObstacle: 0
--- !u!1 &8510549957794184835
GameObject:
  m_ObjectHideFlags: 0
  m_CorrespondingSourceObject: {fileID: 0}
  m_PrefabInstance: {fileID: 0}
  m_PrefabAsset: {fileID: 0}
  serializedVersion: 6
  m_Component:
  - component: {fileID: 8510549957794472611}
  - component: {fileID: 8510549957791003529}
  m_Layer: 10
  m_Name: Chr_Adventure_Viking_01
  m_TagString: Untagged
  m_Icon: {fileID: 0}
  m_NavMeshLayer: 0
  m_StaticEditorFlags: 0
  m_IsActive: 1
--- !u!4 &8510549957794472611
Transform:
  m_ObjectHideFlags: 0
  m_CorrespondingSourceObject: {fileID: 0}
  m_PrefabInstance: {fileID: 0}
  m_PrefabAsset: {fileID: 0}
  m_GameObject: {fileID: 8510549957794184835}
  m_LocalRotation: {x: 0, y: -0, z: -0, w: 1}
  m_LocalPosition: {x: -0, y: 0, z: 0}
  m_LocalScale: {x: 1, y: 1, z: 1}
  m_Children: []
  m_Father: {fileID: 8510549957794472613}
  m_RootOrder: 0
  m_LocalEulerAnglesHint: {x: 0, y: 0, z: 0}
--- !u!137 &8510549957791003529
SkinnedMeshRenderer:
  m_ObjectHideFlags: 0
  m_CorrespondingSourceObject: {fileID: 0}
  m_PrefabInstance: {fileID: 0}
  m_PrefabAsset: {fileID: 0}
  m_GameObject: {fileID: 8510549957794184835}
  m_Enabled: 1
  m_CastShadows: 1
  m_ReceiveShadows: 1
  m_DynamicOccludee: 1
  m_MotionVectors: 1
  m_LightProbeUsage: 1
  m_ReflectionProbeUsage: 1
  m_RayTracingMode: 0
  m_RenderingLayerMask: 1
  m_RendererPriority: 0
  m_Materials:
  - {fileID: 2100000, guid: 5ec5815f62a0d37488d95601e3f0129f, type: 2}
  m_StaticBatchInfo:
    firstSubMesh: 0
    subMeshCount: 0
  m_StaticBatchRoot: {fileID: 0}
  m_ProbeAnchor: {fileID: 0}
  m_LightProbeVolumeOverride: {fileID: 0}
  m_ScaleInLightmap: 1
  m_ReceiveGI: 1
  m_PreserveUVs: 0
  m_IgnoreNormalsForChartDetection: 0
  m_ImportantGI: 0
  m_StitchLightmapSeams: 1
  m_SelectedEditorRenderState: 3
  m_MinimumChartSize: 4
  m_AutoUVMaxDistance: 0.5
  m_AutoUVMaxAngle: 89
  m_LightmapParameters: {fileID: 0}
  m_SortingLayerID: 0
  m_SortingLayer: 0
  m_SortingOrder: 0
  serializedVersion: 2
  m_Quality: 0
  m_UpdateWhenOffscreen: 0
  m_SkinnedMotionVectors: 1
  m_Mesh: {fileID: 4300004, guid: e6f8c6b4cd0c5d24fbefebd224edfdb5, type: 3}
  m_Bones:
  - {fileID: 8510549957794472713}
  - {fileID: 8510549957794472719}
  - {fileID: 8510549957794472715}
  - {fileID: 8510549957794472709}
  - {fileID: 8510549957794472711}
  - {fileID: 8510549957794472751}
  - {fileID: 8510549957794472813}
  - {fileID: 8510549957794472761}
  - {fileID: 8510549957794472739}
  - {fileID: 8510549957794472733}
  - {fileID: 8510549957794472729}
  - {fileID: 8510549957794472725}
  - {fileID: 8510549957794472757}
  - {fileID: 8510549957794472753}
  - {fileID: 8510549957794472745}
  - {fileID: 8510549957794472815}
  - {fileID: 8510549957794472763}
  - {fileID: 8510549957794472765}
  - {fileID: 8510549957794472735}
  - {fileID: 8510549957794472731}
  - {fileID: 8510549957794472727}
  - {fileID: 8510549957794472759}
  - {fileID: 8510549957794472755}
  - {fileID: 8510549957794472717}
  - {fileID: 8510549957794472767}
  - {fileID: 8510549957794472741}
  - {fileID: 8510549957794472747}
  - {fileID: 8510549957794472705}
  - {fileID: 8510549957794472617}
  - {fileID: 8510549957794472743}
  - {fileID: 8510549957794472621}
  - {fileID: 8510549957794472721}
  - {fileID: 8510549957794472707}
  - {fileID: 8510549957794472619}
  - {fileID: 8510549957794472737}
  - {fileID: 8510549957794472623}
  - {fileID: 8510549957794472723}
  m_BlendShapeWeights: []
  m_RootBone: {fileID: 8510549957794472713}
  m_AABB:
    m_Center: {x: 0, y: 1.0771993, z: 0.10058999}
    m_Extent: {x: 1.0664113, y: 1.1121854, z: 0.64096695}
  m_DirtyAABB: 0
--- !u!1 &8510549957794184837
GameObject:
  m_ObjectHideFlags: 0
  m_CorrespondingSourceObject: {fileID: 0}
  m_PrefabInstance: {fileID: 0}
  m_PrefabAsset: {fileID: 0}
  serializedVersion: 6
  m_Component:
  - component: {fileID: 8510549957794472613}
  - component: {fileID: 8510549957786783053}
  - component: {fileID: 8510549957794184826}
  - component: {fileID: 8510549957794184827}
  - component: {fileID: 8510549957794184836}
  - component: {fileID: 8510549957794184830}
  - component: {fileID: 8510549957794184831}
  - component: {fileID: 8510549957794184825}
  - component: {fileID: 3214465487348003432}
  m_Layer: 10
  m_Name: P_Player
  m_TagString: Player
  m_Icon: {fileID: 0}
  m_NavMeshLayer: 0
  m_StaticEditorFlags: 0
  m_IsActive: 1
--- !u!4 &8510549957794472613
Transform:
  m_ObjectHideFlags: 0
  m_CorrespondingSourceObject: {fileID: 0}
  m_PrefabInstance: {fileID: 0}
  m_PrefabAsset: {fileID: 0}
  m_GameObject: {fileID: 8510549957794184837}
  m_LocalRotation: {x: 0, y: 1, z: 0, w: 0}
  m_LocalPosition: {x: 0.325, y: 0, z: 0}
  m_LocalScale: {x: 1, y: 1, z: 1}
  m_Children:
  - {fileID: 8510549957794472611}
  - {fileID: 8510549957794472713}
  m_Father: {fileID: 0}
  m_RootOrder: 0
  m_LocalEulerAnglesHint: {x: 0, y: 180, z: 0}
--- !u!95 &8510549957786783053
Animator:
  serializedVersion: 3
  m_ObjectHideFlags: 0
  m_CorrespondingSourceObject: {fileID: 0}
  m_PrefabInstance: {fileID: 0}
  m_PrefabAsset: {fileID: 0}
  m_GameObject: {fileID: 8510549957794184837}
  m_Enabled: 1
  m_Avatar: {fileID: 9000000, guid: e6f8c6b4cd0c5d24fbefebd224edfdb5, type: 3}
  m_Controller: {fileID: 9100000, guid: e2cf68ff4b1ffda45a77f7307dd789b9, type: 2}
  m_CullingMode: 1
  m_UpdateMode: 0
  m_ApplyRootMotion: 1
  m_LinearVelocityBlending: 0
  m_WarningMessage: 
  m_HasTransformHierarchy: 1
  m_AllowConstantClipSamplingOptimization: 1
  m_KeepAnimatorControllerStateOnDisable: 0
--- !u!54 &8510549957794184826
Rigidbody:
  m_ObjectHideFlags: 0
  m_CorrespondingSourceObject: {fileID: 0}
  m_PrefabInstance: {fileID: 0}
  m_PrefabAsset: {fileID: 0}
  m_GameObject: {fileID: 8510549957794184837}
  serializedVersion: 2
  m_Mass: 1
  m_Drag: 0
  m_AngularDrag: 0.05
  m_UseGravity: 0
  m_IsKinematic: 0
  m_Interpolate: 0
  m_Constraints: 8
  m_CollisionDetection: 0
--- !u!136 &8510549957794184827
CapsuleCollider:
  m_ObjectHideFlags: 0
  m_CorrespondingSourceObject: {fileID: 0}
  m_PrefabInstance: {fileID: 0}
  m_PrefabAsset: {fileID: 0}
  m_GameObject: {fileID: 8510549957794184837}
  m_Material: {fileID: 13400000, guid: c2815a7ab32e42c4bb42f59caacb8ec1, type: 2}
  m_IsTrigger: 0
  m_Enabled: 1
  m_Radius: 0.5
  m_Height: 1.99
  m_Direction: 1
  m_Center: {x: 0, y: 1.09, z: 0}
--- !u!114 &8510549957794184836
MonoBehaviour:
  m_ObjectHideFlags: 0
  m_CorrespondingSourceObject: {fileID: 0}
  m_PrefabInstance: {fileID: 0}
  m_PrefabAsset: {fileID: 0}
  m_GameObject: {fileID: 8510549957794184837}
  m_Enabled: 1
  m_EditorHideFlags: 0
  m_Script: {fileID: 11500000, guid: ce7a80d520cacc042b5fe14f373d8173, type: 3}
  m_Name: 
  m_EditorClassIdentifier: 
  m_MovingTurnSpeed: 360
  m_StationaryTurnSpeed: 360
  m_JumpPower: 7
  m_GravityMultiplier: 2
  m_RunCycleLegOffset: 0.2
  m_MoveSpeedMultiplier: 1
  m_AnimSpeedMultiplier: 1
  m_GroundCheckDistance: 0.1
  m_Rigidbody: {fileID: 0}
  m_IsGrounded: 0
--- !u!114 &8510549957794184830
MonoBehaviour:
  m_ObjectHideFlags: 0
  m_CorrespondingSourceObject: {fileID: 0}
  m_PrefabInstance: {fileID: 0}
  m_PrefabAsset: {fileID: 0}
  m_GameObject: {fileID: 8510549957794184837}
  m_Enabled: 1
  m_EditorHideFlags: 0
  m_Script: {fileID: 11500000, guid: 66f72e8fe32d3574fb62779cb7a56c7f, type: 3}
  m_Name: 
  m_EditorClassIdentifier: 
  playerId: 0
--- !u!114 &8510549957794184831
MonoBehaviour:
  m_ObjectHideFlags: 0
  m_CorrespondingSourceObject: {fileID: 0}
  m_PrefabInstance: {fileID: 0}
  m_PrefabAsset: {fileID: 0}
  m_GameObject: {fileID: 8510549957794184837}
  m_Enabled: 1
  m_EditorHideFlags: 0
  m_Script: {fileID: 11500000, guid: 5b3cc9821d2296f41a7601fb31ab7d78, type: 3}
  m_Name: 
  m_EditorClassIdentifier: 
  myAnimatorController: {fileID: 8510549957794184825}
  myInput: {fileID: 8510549957794184830}
  myThirdPersonCharacter: {fileID: 8510549957794184836}
  myHealth: {fileID: 3214465487348003432}
  checkpointManager: {fileID: 11400000, guid: c2d9e9e2b4e6a5d4aa4e87510029d27b, type: 2}
--- !u!114 &8510549957794184825
MonoBehaviour:
  m_ObjectHideFlags: 0
  m_CorrespondingSourceObject: {fileID: 0}
  m_PrefabInstance: {fileID: 0}
  m_PrefabAsset: {fileID: 0}
  m_GameObject: {fileID: 8510549957794184837}
  m_Enabled: 1
  m_EditorHideFlags: 0
  m_Script: {fileID: 11500000, guid: 38bc528607252fc4e9640653244fc4e8, type: 3}
  m_Name: 
  m_EditorClassIdentifier: 
  myAnimator: {fileID: 8510549957786783053}
--- !u!114 &3214465487348003432
MonoBehaviour:
  m_ObjectHideFlags: 0
  m_CorrespondingSourceObject: {fileID: 0}
  m_PrefabInstance: {fileID: 0}
  m_PrefabAsset: {fileID: 0}
  m_GameObject: {fileID: 8510549957794184837}
  m_Enabled: 1
  m_EditorHideFlags: 0
  m_Script: {fileID: 11500000, guid: 6becb7cdc5faf3f4f9a04b882ff89afb, type: 3}
  m_Name: 
  m_EditorClassIdentifier: 
  maxHealthPoints: 15
  isAlive: 0
--- !u!1 &8510549957794184841
GameObject:
  m_ObjectHideFlags: 0
  m_CorrespondingSourceObject: {fileID: 0}
  m_PrefabInstance: {fileID: 0}
  m_PrefabAsset: {fileID: 0}
  serializedVersion: 6
  m_Component:
  - component: {fileID: 8510549957794472617}
  m_Layer: 10
  m_Name: calf_l
  m_TagString: Untagged
  m_Icon: {fileID: 0}
  m_NavMeshLayer: 0
  m_StaticEditorFlags: 0
  m_IsActive: 1
--- !u!4 &8510549957794472617
Transform:
  m_ObjectHideFlags: 0
  m_CorrespondingSourceObject: {fileID: 0}
  m_PrefabInstance: {fileID: 0}
  m_PrefabAsset: {fileID: 0}
  m_GameObject: {fileID: 8510549957794184841}
  m_LocalRotation: {x: -0.6587525, y: -0.038830463, z: -0.03559144, w: 0.7505135}
  m_LocalPosition: {x: -0.19198872, y: 0.00000016390696, z: -0.000000008381903}
  m_LocalScale: {x: 1, y: 1, z: 1}
  m_Children:
  - {fileID: 8510549957794472743}
  m_Father: {fileID: 8510549957794472705}
  m_RootOrder: 0
  m_LocalEulerAnglesHint: {x: 0, y: 0, z: 0}
--- !u!1 &8510549957794184843
GameObject:
  m_ObjectHideFlags: 0
  m_CorrespondingSourceObject: {fileID: 0}
  m_PrefabInstance: {fileID: 0}
  m_PrefabAsset: {fileID: 0}
  serializedVersion: 6
  m_Component:
  - component: {fileID: 8510549957794472619}
  m_Layer: 10
  m_Name: calf_r
  m_TagString: Untagged
  m_Icon: {fileID: 0}
  m_NavMeshLayer: 0
  m_StaticEditorFlags: 0
  m_IsActive: 1
--- !u!4 &8510549957794472619
Transform:
  m_ObjectHideFlags: 0
  m_CorrespondingSourceObject: {fileID: 0}
  m_PrefabInstance: {fileID: 0}
  m_PrefabAsset: {fileID: 0}
  m_GameObject: {fileID: 8510549957794184843}
  m_LocalRotation: {x: -0.722904, y: -0.039111555, z: -0.035260677, w: 0.6889389}
  m_LocalPosition: {x: 0.19199155, y: -0.0000003576141, z: 0.0000000013968647}
  m_LocalScale: {x: 1, y: 1, z: 1}
  m_Children:
  - {fileID: 8510549957794472737}
  m_Father: {fileID: 8510549957794472707}
  m_RootOrder: 0
  m_LocalEulerAnglesHint: {x: 0, y: 0, z: 0}
--- !u!1 &8510549957794184845
GameObject:
  m_ObjectHideFlags: 0
  m_CorrespondingSourceObject: {fileID: 0}
  m_PrefabInstance: {fileID: 0}
  m_PrefabAsset: {fileID: 0}
  serializedVersion: 6
  m_Component:
  - component: {fileID: 8510549957794472621}
  m_Layer: 10
  m_Name: ball_l
  m_TagString: Untagged
  m_Icon: {fileID: 0}
  m_NavMeshLayer: 0
  m_StaticEditorFlags: 0
  m_IsActive: 1
--- !u!4 &8510549957794472621
Transform:
  m_ObjectHideFlags: 0
  m_CorrespondingSourceObject: {fileID: 0}
  m_PrefabInstance: {fileID: 0}
  m_PrefabAsset: {fileID: 0}
  m_GameObject: {fileID: 8510549957794184845}
  m_LocalRotation: {x: 0.0000000440183, y: -0.000000069467696, z: -0.13650239, w: 0.9906398}
  m_LocalPosition: {x: -0.092328355, y: -0.03782352, z: 0.000000014901098}
  m_LocalScale: {x: 1, y: 1, z: 1}
  m_Children:
  - {fileID: 8510549957794472721}
  m_Father: {fileID: 8510549957794472743}
  m_RootOrder: 0
  m_LocalEulerAnglesHint: {x: 0, y: 0, z: 0}
--- !u!1 &8510549957794184847
GameObject:
  m_ObjectHideFlags: 0
  m_CorrespondingSourceObject: {fileID: 0}
  m_PrefabInstance: {fileID: 0}
  m_PrefabAsset: {fileID: 0}
  serializedVersion: 6
  m_Component:
  - component: {fileID: 8510549957794472623}
  m_Layer: 10
  m_Name: ball_r
  m_TagString: Untagged
  m_Icon: {fileID: 0}
  m_NavMeshLayer: 0
  m_StaticEditorFlags: 0
  m_IsActive: 1
--- !u!4 &8510549957794472623
Transform:
  m_ObjectHideFlags: 0
  m_CorrespondingSourceObject: {fileID: 0}
  m_PrefabInstance: {fileID: 0}
  m_PrefabAsset: {fileID: 0}
  m_GameObject: {fileID: 8510549957794184847}
  m_LocalRotation: {x: 0.000000068304736, y: -0.00000003574543, z: -0.10169661, w: 0.99481547}
  m_LocalPosition: {x: 0.092328325, y: 0.03782349, z: -0.000000059587748}
  m_LocalScale: {x: 1, y: 1, z: 1}
  m_Children:
  - {fileID: 8510549957794472723}
  m_Father: {fileID: 8510549957794472737}
  m_RootOrder: 0
  m_LocalEulerAnglesHint: {x: 0, y: 0, z: 0}
--- !u!1 &8510549957794184961
GameObject:
  m_ObjectHideFlags: 0
  m_CorrespondingSourceObject: {fileID: 0}
  m_PrefabInstance: {fileID: 0}
  m_PrefabAsset: {fileID: 0}
  serializedVersion: 6
  m_Component:
  - component: {fileID: 8510549957794472737}
  m_Layer: 10
  m_Name: foot_r
  m_TagString: Untagged
  m_Icon: {fileID: 0}
  m_NavMeshLayer: 0
  m_StaticEditorFlags: 0
  m_IsActive: 1
--- !u!4 &8510549957794472737
Transform:
  m_ObjectHideFlags: 0
  m_CorrespondingSourceObject: {fileID: 0}
  m_PrefabInstance: {fileID: 0}
  m_PrefabAsset: {fileID: 0}
  m_GameObject: {fileID: 8510549957794184961}
  m_LocalRotation: {x: 0.753884, y: 0.61894333, z: -0.17167366, w: 0.13818938}
  m_LocalPosition: {x: 0.22359627, y: 0.0024423194, z: 0.0000006637375}
  m_LocalScale: {x: 1, y: 1, z: 1}
  m_Children:
  - {fileID: 8510549957794472623}
  m_Father: {fileID: 8510549957794472619}
  m_RootOrder: 0
  m_LocalEulerAnglesHint: {x: 0, y: 0, z: 0}
--- !u!1 &8510549957794184963
GameObject:
  m_ObjectHideFlags: 0
  m_CorrespondingSourceObject: {fileID: 0}
  m_PrefabInstance: {fileID: 0}
  m_PrefabAsset: {fileID: 0}
  serializedVersion: 6
  m_Component:
  - component: {fileID: 8510549957794472739}
  m_Layer: 10
  m_Name: hand_l
  m_TagString: Untagged
  m_Icon: {fileID: 0}
  m_NavMeshLayer: 0
  m_StaticEditorFlags: 0
  m_IsActive: 1
--- !u!4 &8510549957794472739
Transform:
  m_ObjectHideFlags: 0
  m_CorrespondingSourceObject: {fileID: 0}
  m_PrefabInstance: {fileID: 0}
  m_PrefabAsset: {fileID: 0}
  m_GameObject: {fileID: 8510549957794184963}
  m_LocalRotation: {x: -0.06074235, y: 0.40508354, z: -0.04228103, w: 0.9112794}
  m_LocalPosition: {x: -0.26753742, y: -0.012449464, z: -0.0000000034894012}
  m_LocalScale: {x: 1, y: 1, z: 1}
  m_Children:
  - {fileID: 3700785113786230610}
  - {fileID: 8510549957794472757}
  - {fileID: 8510549957794472733}
  m_Father: {fileID: 8510549957794472761}
  m_RootOrder: 0
  m_LocalEulerAnglesHint: {x: 0, y: 0, z: 0}
--- !u!1 &8510549957794184965
GameObject:
  m_ObjectHideFlags: 0
  m_CorrespondingSourceObject: {fileID: 0}
  m_PrefabInstance: {fileID: 0}
  m_PrefabAsset: {fileID: 0}
  serializedVersion: 6
  m_Component:
  - component: {fileID: 8510549957794472741}
  m_Layer: 10
  m_Name: eyes
  m_TagString: Untagged
  m_Icon: {fileID: 0}
  m_NavMeshLayer: 0
  m_StaticEditorFlags: 0
  m_IsActive: 1
--- !u!4 &8510549957794472741
Transform:
  m_ObjectHideFlags: 0
  m_CorrespondingSourceObject: {fileID: 0}
  m_PrefabInstance: {fileID: 0}
  m_PrefabAsset: {fileID: 0}
  m_GameObject: {fileID: 8510549957794184965}
  m_LocalRotation: {x: 0.26344135, y: -0.6562002, z: 0.26344135, w: 0.6562002}
  m_LocalPosition: {x: -0.44662374, y: -3.5527136e-17, z: -7.5255536e-17}
  m_LocalScale: {x: 1, y: 1, z: 1}
  m_Children: []
  m_Father: {fileID: 8510549957794472767}
  m_RootOrder: 1
  m_LocalEulerAnglesHint: {x: 0, y: 0, z: 0}
--- !u!1 &8510549957794184967
GameObject:
  m_ObjectHideFlags: 0
  m_CorrespondingSourceObject: {fileID: 0}
  m_PrefabInstance: {fileID: 0}
  m_PrefabAsset: {fileID: 0}
  serializedVersion: 6
  m_Component:
  - component: {fileID: 8510549957794472743}
  m_Layer: 10
  m_Name: foot_l
  m_TagString: Untagged
  m_Icon: {fileID: 0}
  m_NavMeshLayer: 0
  m_StaticEditorFlags: 0
  m_IsActive: 1
--- !u!4 &8510549957794472743
Transform:
  m_ObjectHideFlags: 0
  m_CorrespondingSourceObject: {fileID: 0}
  m_PrefabInstance: {fileID: 0}
  m_PrefabAsset: {fileID: 0}
  m_GameObject: {fileID: 8510549957794184967}
  m_LocalRotation: {x: 0.7793373, y: 0.5983826, z: -0.16725096, w: 0.08123241}
  m_LocalPosition: {x: -0.22359289, y: -0.0024420859, z: -0.000000042451934}
  m_LocalScale: {x: 1, y: 1, z: 1}
  m_Children:
  - {fileID: 8510549957794472621}
  m_Father: {fileID: 8510549957794472617}
  m_RootOrder: 0
  m_LocalEulerAnglesHint: {x: 0, y: 0, z: 0}
--- !u!1 &8510549957794184969
GameObject:
  m_ObjectHideFlags: 0
  m_CorrespondingSourceObject: {fileID: 0}
  m_PrefabInstance: {fileID: 0}
  m_PrefabAsset: {fileID: 0}
  serializedVersion: 6
  m_Component:
  - component: {fileID: 8510549957794472745}
  m_Layer: 10
  m_Name: clavicle_r
  m_TagString: Untagged
  m_Icon: {fileID: 0}
  m_NavMeshLayer: 0
  m_StaticEditorFlags: 0
  m_IsActive: 1
--- !u!4 &8510549957794472745
Transform:
  m_ObjectHideFlags: 0
  m_CorrespondingSourceObject: {fileID: 0}
  m_PrefabInstance: {fileID: 0}
  m_PrefabAsset: {fileID: 0}
  m_GameObject: {fileID: 8510549957794184969}
  m_LocalRotation: {x: 0.46627623, y: 0.32762975, z: -0.54613054, w: 0.6139924}
  m_LocalPosition: {x: -0.072635375, y: 0.032867562, z: -0.11330307}
  m_LocalScale: {x: 1, y: 1, z: 1}
  m_Children:
  - {fileID: 8510549957794472815}
  m_Father: {fileID: 8510549957794472711}
  m_RootOrder: 1
  m_LocalEulerAnglesHint: {x: 0, y: 0, z: 0}
--- !u!1 &8510549957794184971
GameObject:
  m_ObjectHideFlags: 0
  m_CorrespondingSourceObject: {fileID: 0}
  m_PrefabInstance: {fileID: 0}
  m_PrefabAsset: {fileID: 0}
  serializedVersion: 6
  m_Component:
  - component: {fileID: 8510549957794472747}
  m_Layer: 10
  m_Name: eyebrows
  m_TagString: Untagged
  m_Icon: {fileID: 0}
  m_NavMeshLayer: 0
  m_StaticEditorFlags: 0
  m_IsActive: 1
--- !u!4 &8510549957794472747
Transform:
  m_ObjectHideFlags: 0
  m_CorrespondingSourceObject: {fileID: 0}
  m_PrefabInstance: {fileID: 0}
  m_PrefabAsset: {fileID: 0}
  m_GameObject: {fileID: 8510549957794184971}
  m_LocalRotation: {x: 0.26344135, y: -0.6562002, z: 0.26344135, w: 0.6562002}
  m_LocalPosition: {x: -0.48779148, y: 0.04300815, z: 8.627571e-16}
  m_LocalScale: {x: 1, y: 1, z: 1}
  m_Children: []
  m_Father: {fileID: 8510549957794472767}
  m_RootOrder: 0
  m_LocalEulerAnglesHint: {x: 0, y: 0, z: 0}
--- !u!1 &8510549957794184975
GameObject:
  m_ObjectHideFlags: 0
  m_CorrespondingSourceObject: {fileID: 0}
  m_PrefabInstance: {fileID: 0}
  m_PrefabAsset: {fileID: 0}
  serializedVersion: 6
  m_Component:
  - component: {fileID: 8510549957794472751}
  m_Layer: 10
  m_Name: clavicle_l
  m_TagString: Untagged
  m_Icon: {fileID: 0}
  m_NavMeshLayer: 0
  m_StaticEditorFlags: 0
  m_IsActive: 1
--- !u!4 &8510549957794472751
Transform:
  m_ObjectHideFlags: 0
  m_CorrespondingSourceObject: {fileID: 0}
  m_PrefabInstance: {fileID: 0}
  m_PrefabAsset: {fileID: 0}
  m_GameObject: {fileID: 8510549957794184975}
  m_LocalRotation: {x: -0.3367946, y: 0.4553783, z: 0.60244787, w: 0.562367}
  m_LocalPosition: {x: -0.07263559, y: 0.03286752, z: 0.11330267}
  m_LocalScale: {x: 1, y: 1, z: 1}
  m_Children:
  - {fileID: 8510549957794472813}
  m_Father: {fileID: 8510549957794472711}
  m_RootOrder: 0
  m_LocalEulerAnglesHint: {x: 0, y: 0, z: 0}
--- !u!1 &8510549957794184977
GameObject:
  m_ObjectHideFlags: 0
  m_CorrespondingSourceObject: {fileID: 0}
  m_PrefabInstance: {fileID: 0}
  m_PrefabAsset: {fileID: 0}
  serializedVersion: 6
  m_Component:
  - component: {fileID: 8510549957794472753}
  m_Layer: 10
  m_Name: middle_02_l
  m_TagString: Untagged
  m_Icon: {fileID: 0}
  m_NavMeshLayer: 0
  m_StaticEditorFlags: 0
  m_IsActive: 1
--- !u!4 &8510549957794472753
Transform:
  m_ObjectHideFlags: 0
  m_CorrespondingSourceObject: {fileID: 0}
  m_PrefabInstance: {fileID: 0}
  m_PrefabAsset: {fileID: 0}
  m_GameObject: {fileID: 8510549957794184977}
  m_LocalRotation: {x: -0.011517954, y: 0.0007672805, z: 0.035213012, w: 0.9993132}
  m_LocalPosition: {x: -0.07300903, y: -0.000000048747125, z: -0.00000005546363}
  m_LocalScale: {x: 1, y: 1, z: 1}
  m_Children: []
  m_Father: {fileID: 8510549957794472757}
  m_RootOrder: 0
  m_LocalEulerAnglesHint: {x: 0, y: 0, z: 0}
--- !u!1 &8510549957794184979
GameObject:
  m_ObjectHideFlags: 0
  m_CorrespondingSourceObject: {fileID: 0}
  m_PrefabInstance: {fileID: 0}
  m_PrefabAsset: {fileID: 0}
  serializedVersion: 6
  m_Component:
  - component: {fileID: 8510549957794472755}
  m_Layer: 10
  m_Name: middle_02_r
  m_TagString: Untagged
  m_Icon: {fileID: 0}
  m_NavMeshLayer: 0
  m_StaticEditorFlags: 0
  m_IsActive: 1
--- !u!4 &8510549957794472755
Transform:
  m_ObjectHideFlags: 0
  m_CorrespondingSourceObject: {fileID: 0}
  m_PrefabInstance: {fileID: 0}
  m_PrefabAsset: {fileID: 0}
  m_GameObject: {fileID: 8510549957794184979}
  m_LocalRotation: {x: 0.011728055, y: -0.001270196, z: -0.06529324, w: -0.9977964}
  m_LocalPosition: {x: 0.07301014, y: -0.0000005752402, z: 0.000000013234865}
  m_LocalScale: {x: 1, y: 1, z: 1}
  m_Children: []
  m_Father: {fileID: 8510549957794472759}
  m_RootOrder: 0
  m_LocalEulerAnglesHint: {x: 0, y: 0, z: 0}
--- !u!1 &8510549957794184981
GameObject:
  m_ObjectHideFlags: 0
  m_CorrespondingSourceObject: {fileID: 0}
  m_PrefabInstance: {fileID: 0}
  m_PrefabAsset: {fileID: 0}
  serializedVersion: 6
  m_Component:
  - component: {fileID: 8510549957794472757}
  m_Layer: 10
  m_Name: middle_01_l
  m_TagString: Untagged
  m_Icon: {fileID: 0}
  m_NavMeshLayer: 0
  m_StaticEditorFlags: 0
  m_IsActive: 1
--- !u!4 &8510549957794472757
Transform:
  m_ObjectHideFlags: 0
  m_CorrespondingSourceObject: {fileID: 0}
  m_PrefabInstance: {fileID: 0}
  m_PrefabAsset: {fileID: 0}
  m_GameObject: {fileID: 8510549957794184981}
  m_LocalRotation: {x: -0.101707846, y: -0.471717, z: 0.045858324, w: 0.8746631}
  m_LocalPosition: {x: -0.08708584, y: 0.01996501, z: -0.1105534}
  m_LocalScale: {x: 1, y: 1, z: 1}
  m_Children:
  - {fileID: 8510549957794472753}
  m_Father: {fileID: 8510549957794472739}
  m_RootOrder: 1
  m_LocalEulerAnglesHint: {x: 0, y: 0, z: 0}
--- !u!1 &8510549957794184983
GameObject:
  m_ObjectHideFlags: 0
  m_CorrespondingSourceObject: {fileID: 0}
  m_PrefabInstance: {fileID: 0}
  m_PrefabAsset: {fileID: 0}
  serializedVersion: 6
  m_Component:
  - component: {fileID: 8510549957794472759}
  m_Layer: 10
  m_Name: middle_01_r
  m_TagString: Untagged
  m_Icon: {fileID: 0}
  m_NavMeshLayer: 0
  m_StaticEditorFlags: 0
  m_IsActive: 1
--- !u!4 &8510549957794472759
Transform:
  m_ObjectHideFlags: 0
  m_CorrespondingSourceObject: {fileID: 0}
  m_PrefabInstance: {fileID: 0}
  m_PrefabAsset: {fileID: 0}
  m_GameObject: {fileID: 8510549957794184983}
  m_LocalRotation: {x: 0.10742161, y: 0.4797138, z: -0.069470055, w: -0.86804914}
  m_LocalPosition: {x: 0.08708525, y: -0.01996487, z: 0.110552795}
  m_LocalScale: {x: 1, y: 1, z: 1}
  m_Children:
  - {fileID: 8510549957794472755}
  m_Father: {fileID: 8510549957794472765}
  m_RootOrder: 0
  m_LocalEulerAnglesHint: {x: 0, y: 0, z: 0}
--- !u!1 &8510549957794184985
GameObject:
  m_ObjectHideFlags: 0
  m_CorrespondingSourceObject: {fileID: 0}
  m_PrefabInstance: {fileID: 0}
  m_PrefabAsset: {fileID: 0}
  serializedVersion: 6
  m_Component:
  - component: {fileID: 8510549957794472761}
  m_Layer: 10
  m_Name: lowerarm_l
  m_TagString: Untagged
  m_Icon: {fileID: 0}
  m_NavMeshLayer: 0
  m_StaticEditorFlags: 0
  m_IsActive: 1
--- !u!4 &8510549957794472761
Transform:
  m_ObjectHideFlags: 0
  m_CorrespondingSourceObject: {fileID: 0}
  m_PrefabInstance: {fileID: 0}
  m_PrefabAsset: {fileID: 0}
  m_GameObject: {fileID: 8510549957794184985}
  m_LocalRotation: {x: -0.05977284, y: 0.055471577, z: -0.059585176, w: 0.99488676}
  m_LocalPosition: {x: -0.26757243, y: 0.011673481, z: -0.0000000016429268}
  m_LocalScale: {x: 1, y: 1, z: 1}
  m_Children:
  - {fileID: 8510549957794472739}
  m_Father: {fileID: 8510549957794472813}
  m_RootOrder: 0
  m_LocalEulerAnglesHint: {x: 0, y: 0, z: 0}
--- !u!1 &8510549957794184987
GameObject:
  m_ObjectHideFlags: 0
  m_CorrespondingSourceObject: {fileID: 0}
  m_PrefabInstance: {fileID: 0}
  m_PrefabAsset: {fileID: 0}
  serializedVersion: 6
  m_Component:
  - component: {fileID: 8510549957794472763}
  m_Layer: 10
  m_Name: lowerarm_r
  m_TagString: Untagged
  m_Icon: {fileID: 0}
  m_NavMeshLayer: 0
  m_StaticEditorFlags: 0
  m_IsActive: 1
--- !u!4 &8510549957794472763
Transform:
  m_ObjectHideFlags: 0
  m_CorrespondingSourceObject: {fileID: 0}
  m_PrefabInstance: {fileID: 0}
  m_PrefabAsset: {fileID: 0}
  m_GameObject: {fileID: 8510549957794184987}
  m_LocalRotation: {x: -0.08685518, y: 0.09812376, z: -0.056859832, w: 0.9897449}
  m_LocalPosition: {x: 0.26757255, y: -0.011673508, z: -0.0000000055830904}
  m_LocalScale: {x: 1, y: 1, z: 1}
  m_Children:
  - {fileID: 8510549957794472765}
  m_Father: {fileID: 8510549957794472815}
  m_RootOrder: 0
  m_LocalEulerAnglesHint: {x: 0, y: 0, z: 0}
--- !u!1 &8510549957794184989
GameObject:
  m_ObjectHideFlags: 0
  m_CorrespondingSourceObject: {fileID: 0}
  m_PrefabInstance: {fileID: 0}
  m_PrefabAsset: {fileID: 0}
  serializedVersion: 6
  m_Component:
  - component: {fileID: 8510549957794472765}
  m_Layer: 10
  m_Name: hand_r
  m_TagString: Untagged
  m_Icon: {fileID: 0}
  m_NavMeshLayer: 0
  m_StaticEditorFlags: 0
  m_IsActive: 1
--- !u!4 &8510549957794472765
Transform:
  m_ObjectHideFlags: 0
  m_CorrespondingSourceObject: {fileID: 0}
  m_PrefabInstance: {fileID: 0}
  m_PrefabAsset: {fileID: 0}
  m_GameObject: {fileID: 8510549957794184989}
  m_LocalRotation: {x: -0.03452883, y: 0.38473743, z: -0.024064586, w: 0.9220661}
  m_LocalPosition: {x: 0.26753756, y: 0.012449556, z: -0.0000000055830043}
  m_LocalScale: {x: 1, y: 1, z: 1}
  m_Children:
  - {fileID: 8510549957794472759}
  - {fileID: 8510549957794472735}
  - {fileID: 7320093172530588623}
  m_Father: {fileID: 8510549957794472763}
  m_RootOrder: 0
  m_LocalEulerAnglesHint: {x: 0, y: 0, z: 0}
--- !u!1 &8510549957794184991
GameObject:
  m_ObjectHideFlags: 0
  m_CorrespondingSourceObject: {fileID: 0}
  m_PrefabInstance: {fileID: 0}
  m_PrefabAsset: {fileID: 0}
  serializedVersion: 6
  m_Component:
  - component: {fileID: 8510549957794472767}
  m_Layer: 10
  m_Name: head
  m_TagString: Untagged
  m_Icon: {fileID: 0}
  m_NavMeshLayer: 0
  m_StaticEditorFlags: 0
  m_IsActive: 1
--- !u!4 &8510549957794472767
Transform:
  m_ObjectHideFlags: 0
  m_CorrespondingSourceObject: {fileID: 0}
  m_PrefabInstance: {fileID: 0}
  m_PrefabAsset: {fileID: 0}
  m_GameObject: {fileID: 8510549957794184991}
  m_LocalRotation: {x: -0.011333868, y: 0.0359983, z: 0.16316955, w: 0.98587596}
  m_LocalPosition: {x: -0.06992967, y: -0.0000000074481656, z: 0.000000011176108}
  m_LocalScale: {x: 1, y: 1, z: 1}
  m_Children:
  - {fileID: 8510549957794472747}
  - {fileID: 8510549957794472741}
  m_Father: {fileID: 8510549957794472717}
  m_RootOrder: 0
  m_LocalEulerAnglesHint: {x: 0, y: 0, z: 0}
--- !u!1 &8510549957794185037
GameObject:
  m_ObjectHideFlags: 0
  m_CorrespondingSourceObject: {fileID: 0}
  m_PrefabInstance: {fileID: 0}
  m_PrefabAsset: {fileID: 0}
  serializedVersion: 6
  m_Component:
  - component: {fileID: 8510549957794472813}
  m_Layer: 10
  m_Name: upperarm_l
  m_TagString: Untagged
  m_Icon: {fileID: 0}
  m_NavMeshLayer: 0
  m_StaticEditorFlags: 0
  m_IsActive: 1
--- !u!4 &8510549957794472813
Transform:
  m_ObjectHideFlags: 0
  m_CorrespondingSourceObject: {fileID: 0}
  m_PrefabInstance: {fileID: 0}
  m_PrefabAsset: {fileID: 0}
  m_GameObject: {fileID: 8510549957794185037}
  m_LocalRotation: {x: 0.26091218, y: 0.26869088, z: 0.54608744, w: 0.7493455}
  m_LocalPosition: {x: -0.12666713, y: 0.00000003346803, z: -0.0000000030265181}
  m_LocalScale: {x: 1, y: 1, z: 1}
  m_Children:
  - {fileID: 8510549957794472761}
  m_Father: {fileID: 8510549957794472751}
  m_RootOrder: 0
  m_LocalEulerAnglesHint: {x: 0, y: 0, z: 0}
--- !u!1 &8510549957794185039
GameObject:
  m_ObjectHideFlags: 0
  m_CorrespondingSourceObject: {fileID: 0}
  m_PrefabInstance: {fileID: 0}
  m_PrefabAsset: {fileID: 0}
  serializedVersion: 6
  m_Component:
  - component: {fileID: 8510549957794472815}
  m_Layer: 10
  m_Name: upperarm_r
  m_TagString: Untagged
  m_Icon: {fileID: 0}
  m_NavMeshLayer: 0
  m_StaticEditorFlags: 0
  m_IsActive: 1
--- !u!4 &8510549957794472815
Transform:
  m_ObjectHideFlags: 0
  m_CorrespondingSourceObject: {fileID: 0}
  m_PrefabInstance: {fileID: 0}
  m_PrefabAsset: {fileID: 0}
  m_GameObject: {fileID: 8510549957794185039}
  m_LocalRotation: {x: 0.24279758, y: 0.16957489, z: 0.5599758, w: 0.7737705}
  m_LocalPosition: {x: 0.1266669, y: 0.00000016018708, z: 0.00000005960204}
  m_LocalScale: {x: 1, y: 1, z: 1}
  m_Children:
  - {fileID: 8510549957794472763}
  m_Father: {fileID: 8510549957794472745}
  m_RootOrder: 0
  m_LocalEulerAnglesHint: {x: 0, y: 0, z: 0}
--- !u!1 &8510549957794185057
GameObject:
  m_ObjectHideFlags: 0
  m_CorrespondingSourceObject: {fileID: 0}
  m_PrefabInstance: {fileID: 0}
  m_PrefabAsset: {fileID: 0}
  serializedVersion: 6
  m_Component:
  - component: {fileID: 8510549957794472705}
  m_Layer: 10
  m_Name: thigh_l
  m_TagString: Untagged
  m_Icon: {fileID: 0}
  m_NavMeshLayer: 0
  m_StaticEditorFlags: 0
  m_IsActive: 1
--- !u!4 &8510549957794472705
Transform:
  m_ObjectHideFlags: 0
  m_CorrespondingSourceObject: {fileID: 0}
  m_PrefabInstance: {fileID: 0}
  m_PrefabAsset: {fileID: 0}
  m_GameObject: {fileID: 8510549957794185057}
  m_LocalRotation: {x: 0.05003287, y: -0.005704841, z: 0.6322035, w: 0.7731643}
  m_LocalPosition: {x: -0.16192746, y: 0.00000003632158, z: 0.0000000016298145}
  m_LocalScale: {x: 1, y: 1, z: 1}
  m_Children:
  - {fileID: 8510549957794472617}
  m_Father: {fileID: 8510549957794472719}
  m_RootOrder: 1
  m_LocalEulerAnglesHint: {x: 0, y: 0, z: 0}
--- !u!1 &8510549957794185059
GameObject:
  m_ObjectHideFlags: 0
  m_CorrespondingSourceObject: {fileID: 0}
  m_PrefabInstance: {fileID: 0}
  m_PrefabAsset: {fileID: 0}
  serializedVersion: 6
  m_Component:
  - component: {fileID: 8510549957794472707}
  m_Layer: 10
  m_Name: thigh_r
  m_TagString: Untagged
  m_Icon: {fileID: 0}
  m_NavMeshLayer: 0
  m_StaticEditorFlags: 0
  m_IsActive: 1
--- !u!4 &8510549957794472707
Transform:
  m_ObjectHideFlags: 0
  m_CorrespondingSourceObject: {fileID: 0}
  m_PrefabInstance: {fileID: 0}
  m_PrefabAsset: {fileID: 0}
  m_GameObject: {fileID: 8510549957794185059}
  m_LocalRotation: {x: 0.48211956, y: -0.87518716, z: -0.026437659, w: -0.030154727}
  m_LocalPosition: {x: 0.11426255, y: -0.11473717, z: -0.0000000027939677}
  m_LocalScale: {x: 1, y: 1, z: 1}
  m_Children:
  - {fileID: 8510549957794472619}
  m_Father: {fileID: 8510549957794472719}
  m_RootOrder: 2
  m_LocalEulerAnglesHint: {x: 0, y: 0, z: 0}
--- !u!1 &8510549957794185061
GameObject:
  m_ObjectHideFlags: 0
  m_CorrespondingSourceObject: {fileID: 0}
  m_PrefabInstance: {fileID: 0}
  m_PrefabAsset: {fileID: 0}
  serializedVersion: 6
  m_Component:
  - component: {fileID: 8510549957794472709}
  m_Layer: 10
  m_Name: spine_02
  m_TagString: Untagged
  m_Icon: {fileID: 0}
  m_NavMeshLayer: 0
  m_StaticEditorFlags: 0
  m_IsActive: 1
--- !u!4 &8510549957794472709
Transform:
  m_ObjectHideFlags: 0
  m_CorrespondingSourceObject: {fileID: 0}
  m_PrefabInstance: {fileID: 0}
  m_PrefabAsset: {fileID: 0}
  m_GameObject: {fileID: 8510549957794185061}
  m_LocalRotation: {x: -0.008318334, y: -0.0032025082, z: 0.0033780967, w: 0.9999546}
  m_LocalPosition: {x: -0.1553147, y: 0, z: 2.3975678e-15}
  m_LocalScale: {x: 1, y: 1, z: 1}
  m_Children:
  - {fileID: 8510549957794472711}
  m_Father: {fileID: 8510549957794472715}
  m_RootOrder: 0
  m_LocalEulerAnglesHint: {x: 0, y: 0, z: 0}
--- !u!1 &8510549957794185063
GameObject:
  m_ObjectHideFlags: 0
  m_CorrespondingSourceObject: {fileID: 0}
  m_PrefabInstance: {fileID: 0}
  m_PrefabAsset: {fileID: 0}
  serializedVersion: 6
  m_Component:
  - component: {fileID: 8510549957794472711}
  m_Layer: 10
  m_Name: spine_03
  m_TagString: Untagged
  m_Icon: {fileID: 0}
  m_NavMeshLayer: 0
  m_StaticEditorFlags: 0
  m_IsActive: 1
--- !u!4 &8510549957794472711
Transform:
  m_ObjectHideFlags: 0
  m_CorrespondingSourceObject: {fileID: 0}
  m_PrefabInstance: {fileID: 0}
  m_PrefabAsset: {fileID: 0}
  m_GameObject: {fileID: 8510549957794185063}
  m_LocalRotation: {x: 0.7061077, y: -0.037578396, z: 0.037578475, w: 0.70610744}
  m_LocalPosition: {x: -0.15234083, y: 0, z: 2.04727e-15}
  m_LocalScale: {x: 1, y: 1, z: 1}
  m_Children:
  - {fileID: 8510549957794472751}
  - {fileID: 8510549957794472745}
  - {fileID: 8510549957794472717}
  m_Father: {fileID: 8510549957794472709}
  m_RootOrder: 0
  m_LocalEulerAnglesHint: {x: 0, y: 0, z: 0}
--- !u!1 &8510549957794185065
GameObject:
  m_ObjectHideFlags: 0
  m_CorrespondingSourceObject: {fileID: 0}
  m_PrefabInstance: {fileID: 0}
  m_PrefabAsset: {fileID: 0}
  serializedVersion: 6
  m_Component:
  - component: {fileID: 8510549957794472713}
  m_Layer: 10
  m_Name: root
  m_TagString: Untagged
  m_Icon: {fileID: 0}
  m_NavMeshLayer: 0
  m_StaticEditorFlags: 0
  m_IsActive: 1
--- !u!4 &8510549957794472713
Transform:
  m_ObjectHideFlags: 0
  m_CorrespondingSourceObject: {fileID: 0}
  m_PrefabInstance: {fileID: 0}
  m_PrefabAsset: {fileID: 0}
  m_GameObject: {fileID: 8510549957794185065}
  m_LocalRotation: {x: 0, y: -0, z: -0, w: 1}
  m_LocalPosition: {x: -0, y: 0, z: 0}
  m_LocalScale: {x: 1, y: 1, z: 1}
  m_Children:
  - {fileID: 8510549957794472719}
  m_Father: {fileID: 8510549957794472613}
  m_RootOrder: 1
  m_LocalEulerAnglesHint: {x: 0, y: 0, z: 0}
--- !u!1 &8510549957794185067
GameObject:
  m_ObjectHideFlags: 0
  m_CorrespondingSourceObject: {fileID: 0}
  m_PrefabInstance: {fileID: 0}
  m_PrefabAsset: {fileID: 0}
  serializedVersion: 6
  m_Component:
  - component: {fileID: 8510549957794472715}
  m_Layer: 10
  m_Name: spine_01
  m_TagString: Untagged
  m_Icon: {fileID: 0}
  m_NavMeshLayer: 0
  m_StaticEditorFlags: 0
  m_IsActive: 1
--- !u!4 &8510549957794472715
Transform:
  m_ObjectHideFlags: 0
  m_CorrespondingSourceObject: {fileID: 0}
  m_PrefabInstance: {fileID: 0}
  m_PrefabAsset: {fileID: 0}
  m_GameObject: {fileID: 8510549957794185067}
  m_LocalRotation: {x: 0.05619396, y: 0.047033045, z: -0.8281632, w: 0.5556761}
  m_LocalPosition: {x: 0.036912687, y: 0.088854454, z: -0.020261854}
  m_LocalScale: {x: 1, y: 1, z: 1}
  m_Children:
  - {fileID: 8510549957794472709}
  m_Father: {fileID: 8510549957794472719}
  m_RootOrder: 0
  m_LocalEulerAnglesHint: {x: 0, y: 0, z: 0}
--- !u!1 &8510549957794185069
GameObject:
  m_ObjectHideFlags: 0
  m_CorrespondingSourceObject: {fileID: 0}
  m_PrefabInstance: {fileID: 0}
  m_PrefabAsset: {fileID: 0}
  serializedVersion: 6
  m_Component:
  - component: {fileID: 8510549957794472717}
  m_Layer: 10
  m_Name: neck_01
  m_TagString: Untagged
  m_Icon: {fileID: 0}
  m_NavMeshLayer: 0
  m_StaticEditorFlags: 0
  m_IsActive: 1
--- !u!4 &8510549957794472717
Transform:
  m_ObjectHideFlags: 0
  m_CorrespondingSourceObject: {fileID: 0}
  m_PrefabInstance: {fileID: 0}
  m_PrefabAsset: {fileID: 0}
  m_GameObject: {fileID: 8510549957794185069}
  m_LocalRotation: {x: -0.9764701, y: 0.21428521, z: 0.015737016, w: -0.018446483}
  m_LocalPosition: {x: -0.19008195, y: -0.00000002979862, z: -0.000000029801422}
  m_LocalScale: {x: 1, y: 1, z: 1}
  m_Children:
  - {fileID: 8510549957794472767}
  m_Father: {fileID: 8510549957794472711}
  m_RootOrder: 2
  m_LocalEulerAnglesHint: {x: 0, y: 0, z: 0}
--- !u!1 &8510549957794185071
GameObject:
  m_ObjectHideFlags: 0
  m_CorrespondingSourceObject: {fileID: 0}
  m_PrefabInstance: {fileID: 0}
  m_PrefabAsset: {fileID: 0}
  serializedVersion: 6
  m_Component:
  - component: {fileID: 8510549957794472719}
  m_Layer: 10
  m_Name: pelvis
  m_TagString: Untagged
  m_Icon: {fileID: 0}
  m_NavMeshLayer: 0
  m_StaticEditorFlags: 0
  m_IsActive: 1
--- !u!4 &8510549957794472719
Transform:
  m_ObjectHideFlags: 0
  m_CorrespondingSourceObject: {fileID: 0}
  m_PrefabInstance: {fileID: 0}
  m_PrefabAsset: {fileID: 0}
  m_GameObject: {fileID: 8510549957794185071}
  m_LocalRotation: {x: -0.026446817, y: -0.004282502, z: 0.19945812, w: 0.97954005}
  m_LocalPosition: {x: 0.0013885498, y: 0.56467605, z: -0.00061735883}
  m_LocalScale: {x: 1, y: 1, z: 1}
  m_Children:
  - {fileID: 8510549957794472715}
  - {fileID: 8510549957794472705}
  - {fileID: 8510549957794472707}
  m_Father: {fileID: 8510549957794472713}
  m_RootOrder: 0
  m_LocalEulerAnglesHint: {x: 0, y: 0, z: 0}
--- !u!1 &8510549957794185073
GameObject:
  m_ObjectHideFlags: 0
  m_CorrespondingSourceObject: {fileID: 0}
  m_PrefabInstance: {fileID: 0}
  m_PrefabAsset: {fileID: 0}
  serializedVersion: 6
  m_Component:
  - component: {fileID: 8510549957794472721}
  m_Layer: 10
  m_Name: toes_l
  m_TagString: Untagged
  m_Icon: {fileID: 0}
  m_NavMeshLayer: 0
  m_StaticEditorFlags: 0
  m_IsActive: 1
--- !u!4 &8510549957794472721
Transform:
  m_ObjectHideFlags: 0
  m_CorrespondingSourceObject: {fileID: 0}
  m_PrefabInstance: {fileID: 0}
  m_PrefabAsset: {fileID: 0}
  m_GameObject: {fileID: 8510549957794185073}
  m_LocalRotation: {x: 2.6482161e-15, y: -0.7071068, z: 2.6482161e-15, w: 0.7071068}
  m_LocalPosition: {x: -0.058889512, y: -2.788073e-17, z: -1.5912988e-17}
  m_LocalScale: {x: 1, y: 1, z: 1}
  m_Children: []
  m_Father: {fileID: 8510549957794472621}
  m_RootOrder: 0
  m_LocalEulerAnglesHint: {x: 0, y: 0, z: 0}
--- !u!1 &8510549957794185075
GameObject:
  m_ObjectHideFlags: 0
  m_CorrespondingSourceObject: {fileID: 0}
  m_PrefabInstance: {fileID: 0}
  m_PrefabAsset: {fileID: 0}
  serializedVersion: 6
  m_Component:
  - component: {fileID: 8510549957794472723}
  m_Layer: 10
  m_Name: toes_r
  m_TagString: Untagged
  m_Icon: {fileID: 0}
  m_NavMeshLayer: 0
  m_StaticEditorFlags: 0
  m_IsActive: 1
--- !u!4 &8510549957794472723
Transform:
  m_ObjectHideFlags: 0
  m_CorrespondingSourceObject: {fileID: 0}
  m_PrefabInstance: {fileID: 0}
  m_PrefabAsset: {fileID: 0}
  m_GameObject: {fileID: 8510549957794185075}
  m_LocalRotation: {x: 0.000000024475543, y: -0.7071068, z: 0.000000024475543, w: 0.7071068}
  m_LocalPosition: {x: 0.058889497, y: 7.105427e-17, z: 0}
  m_LocalScale: {x: 1, y: 1, z: 1}
  m_Children: []
  m_Father: {fileID: 8510549957794472623}
  m_RootOrder: 0
  m_LocalEulerAnglesHint: {x: 0, y: 0, z: 0}
--- !u!1 &8510549957794185077
GameObject:
  m_ObjectHideFlags: 0
  m_CorrespondingSourceObject: {fileID: 0}
  m_PrefabInstance: {fileID: 0}
  m_PrefabAsset: {fileID: 0}
  serializedVersion: 6
  m_Component:
  - component: {fileID: 8510549957794472725}
  m_Layer: 10
  m_Name: thumb_03_l
  m_TagString: Untagged
  m_Icon: {fileID: 0}
  m_NavMeshLayer: 0
  m_StaticEditorFlags: 0
  m_IsActive: 1
--- !u!4 &8510549957794472725
Transform:
  m_ObjectHideFlags: 0
  m_CorrespondingSourceObject: {fileID: 0}
  m_PrefabInstance: {fileID: 0}
  m_PrefabAsset: {fileID: 0}
  m_GameObject: {fileID: 8510549957794185077}
  m_LocalRotation: {x: -0.026333822, y: -0.41598547, z: -0.20784321, w: 0.884909}
  m_LocalPosition: {x: -0.07903091, y: 0.000000022349319, z: 0.000000014124606}
  m_LocalScale: {x: 1, y: 1, z: 1}
  m_Children: []
  m_Father: {fileID: 8510549957794472729}
  m_RootOrder: 0
  m_LocalEulerAnglesHint: {x: 0, y: 0, z: 0}
--- !u!1 &8510549957794185079
GameObject:
  m_ObjectHideFlags: 0
  m_CorrespondingSourceObject: {fileID: 0}
  m_PrefabInstance: {fileID: 0}
  m_PrefabAsset: {fileID: 0}
  serializedVersion: 6
  m_Component:
  - component: {fileID: 8510549957794472727}
  m_Layer: 10
  m_Name: thumb_03_r
  m_TagString: Untagged
  m_Icon: {fileID: 0}
  m_NavMeshLayer: 0
  m_StaticEditorFlags: 0
  m_IsActive: 1
--- !u!4 &8510549957794472727
Transform:
  m_ObjectHideFlags: 0
  m_CorrespondingSourceObject: {fileID: 0}
  m_PrefabInstance: {fileID: 0}
  m_PrefabAsset: {fileID: 0}
  m_GameObject: {fileID: 8510549957794185079}
  m_LocalRotation: {x: 0.02663785, y: 0.4148144, z: 0.20785019, w: -0.88544774}
  m_LocalPosition: {x: 0.07903121, y: 0.0000001600627, z: 0.0000002718308}
  m_LocalScale: {x: 1, y: 1, z: 1}
  m_Children: []
  m_Father: {fileID: 8510549957794472731}
  m_RootOrder: 0
  m_LocalEulerAnglesHint: {x: 0, y: 0, z: 0}
--- !u!1 &8510549957794185081
GameObject:
  m_ObjectHideFlags: 0
  m_CorrespondingSourceObject: {fileID: 0}
  m_PrefabInstance: {fileID: 0}
  m_PrefabAsset: {fileID: 0}
  serializedVersion: 6
  m_Component:
  - component: {fileID: 8510549957794472729}
  m_Layer: 10
  m_Name: thumb_02_l
  m_TagString: Untagged
  m_Icon: {fileID: 0}
  m_NavMeshLayer: 0
  m_StaticEditorFlags: 0
  m_IsActive: 1
--- !u!4 &8510549957794472729
Transform:
  m_ObjectHideFlags: 0
  m_CorrespondingSourceObject: {fileID: 0}
  m_PrefabInstance: {fileID: 0}
  m_PrefabAsset: {fileID: 0}
  m_GameObject: {fileID: 8510549957794185081}
  m_LocalRotation: {x: -0.050461326, y: -0.2095451, z: 0.028152432, w: 0.9760902}
  m_LocalPosition: {x: -0.076643884, y: -0.000000005587076, z: 0.000000016873543}
  m_LocalScale: {x: 1, y: 1, z: 1}
  m_Children:
  - {fileID: 8510549957794472725}
  m_Father: {fileID: 8510549957794472733}
  m_RootOrder: 0
  m_LocalEulerAnglesHint: {x: 0, y: 0, z: 0}
--- !u!1 &8510549957794185083
GameObject:
  m_ObjectHideFlags: 0
  m_CorrespondingSourceObject: {fileID: 0}
  m_PrefabInstance: {fileID: 0}
  m_PrefabAsset: {fileID: 0}
  serializedVersion: 6
  m_Component:
  - component: {fileID: 8510549957794472731}
  m_Layer: 10
  m_Name: thumb_02_r
  m_TagString: Untagged
  m_Icon: {fileID: 0}
  m_NavMeshLayer: 0
  m_StaticEditorFlags: 0
  m_IsActive: 1
--- !u!4 &8510549957794472731
Transform:
  m_ObjectHideFlags: 0
  m_CorrespondingSourceObject: {fileID: 0}
  m_PrefabInstance: {fileID: 0}
  m_PrefabAsset: {fileID: 0}
  m_GameObject: {fileID: 8510549957794185083}
  m_LocalRotation: {x: 0.049266875, y: 0.24388936, z: -0.029028617, w: -0.9681158}
  m_LocalPosition: {x: 0.07664399, y: -0.0000002681473, z: 0.000000060041494}
  m_LocalScale: {x: 1, y: 1, z: 1}
  m_Children:
  - {fileID: 8510549957794472727}
  m_Father: {fileID: 8510549957794472735}
  m_RootOrder: 0
  m_LocalEulerAnglesHint: {x: 0, y: 0, z: 0}
--- !u!1 &8510549957794185085
GameObject:
  m_ObjectHideFlags: 0
  m_CorrespondingSourceObject: {fileID: 0}
  m_PrefabInstance: {fileID: 0}
  m_PrefabAsset: {fileID: 0}
  serializedVersion: 6
  m_Component:
  - component: {fileID: 8510549957794472733}
  m_Layer: 10
  m_Name: thumb_01_l
  m_TagString: Untagged
  m_Icon: {fileID: 0}
  m_NavMeshLayer: 0
  m_StaticEditorFlags: 0
  m_IsActive: 1
--- !u!4 &8510549957794472733
Transform:
  m_ObjectHideFlags: 0
  m_CorrespondingSourceObject: {fileID: 0}
  m_PrefabInstance: {fileID: 0}
  m_PrefabAsset: {fileID: 0}
  m_GameObject: {fileID: 8510549957794185085}
  m_LocalRotation: {x: -0.08158026, y: -0.17813627, z: 0.1667629, w: 0.96633446}
  m_LocalPosition: {x: -0.09761765, y: 0.000000027011573, z: -0.000000020464608}
  m_LocalScale: {x: 1, y: 1, z: 1}
  m_Children:
  - {fileID: 8510549957794472729}
  m_Father: {fileID: 8510549957794472739}
  m_RootOrder: 2
  m_LocalEulerAnglesHint: {x: 0, y: 0, z: 0}
--- !u!1 &8510549957794185087
GameObject:
  m_ObjectHideFlags: 0
  m_CorrespondingSourceObject: {fileID: 0}
  m_PrefabInstance: {fileID: 0}
  m_PrefabAsset: {fileID: 0}
  serializedVersion: 6
  m_Component:
  - component: {fileID: 8510549957794472735}
  m_Layer: 10
  m_Name: thumb_01_r
  m_TagString: Untagged
  m_Icon: {fileID: 0}
  m_NavMeshLayer: 0
  m_StaticEditorFlags: 0
  m_IsActive: 1
--- !u!4 &8510549957794472735
Transform:
  m_ObjectHideFlags: 0
  m_CorrespondingSourceObject: {fileID: 0}
  m_PrefabInstance: {fileID: 0}
  m_PrefabAsset: {fileID: 0}
  m_GameObject: {fileID: 8510549957794185087}
  m_LocalRotation: {x: 0.082198255, y: 0.16831926, z: -0.16312104, w: -0.9686608}
  m_LocalPosition: {x: 0.097616985, y: -0.00000044890663, z: -0.0000006104384}
  m_LocalScale: {x: 1, y: 1, z: 1}
  m_Children:
  - {fileID: 8510549957794472731}
  m_Father: {fileID: 8510549957794472765}
  m_RootOrder: 1
  m_LocalEulerAnglesHint: {x: 0, y: 0, z: 0}
--- !u!1001 &3695998794540554964
PrefabInstance:
  m_ObjectHideFlags: 0
  serializedVersion: 2
  m_Modification:
    m_TransformParent: {fileID: 8510549957794472739}
    m_Modifications:
    - target: {fileID: 1688207647419120, guid: 9e7134bd16b21cc4a8551794a16703c4, type: 3}
      propertyPath: m_Name
      value: Prop_Axe_01
      objectReference: {fileID: 0}
    - target: {fileID: 1688207647419120, guid: 9e7134bd16b21cc4a8551794a16703c4, type: 3}
      propertyPath: m_Layer
      value: 2
      objectReference: {fileID: 0}
    - target: {fileID: 1688207647419120, guid: 9e7134bd16b21cc4a8551794a16703c4, type: 3}
      propertyPath: m_TagString
      value: Player
      objectReference: {fileID: 0}
    - target: {fileID: 4792935863598470, guid: 9e7134bd16b21cc4a8551794a16703c4, type: 3}
      propertyPath: m_LocalPosition.x
      value: -0.384
      objectReference: {fileID: 0}
    - target: {fileID: 4792935863598470, guid: 9e7134bd16b21cc4a8551794a16703c4, type: 3}
      propertyPath: m_LocalPosition.y
      value: -0.002
      objectReference: {fileID: 0}
    - target: {fileID: 4792935863598470, guid: 9e7134bd16b21cc4a8551794a16703c4, type: 3}
      propertyPath: m_LocalPosition.z
      value: 0.069
      objectReference: {fileID: 0}
    - target: {fileID: 4792935863598470, guid: 9e7134bd16b21cc4a8551794a16703c4, type: 3}
      propertyPath: m_LocalRotation.x
      value: 0.6007171
      objectReference: {fileID: 0}
    - target: {fileID: 4792935863598470, guid: 9e7134bd16b21cc4a8551794a16703c4, type: 3}
      propertyPath: m_LocalRotation.y
      value: -0.73879117
      objectReference: {fileID: 0}
    - target: {fileID: 4792935863598470, guid: 9e7134bd16b21cc4a8551794a16703c4, type: 3}
      propertyPath: m_LocalRotation.z
      value: -0.19272928
      objectReference: {fileID: 0}
    - target: {fileID: 4792935863598470, guid: 9e7134bd16b21cc4a8551794a16703c4, type: 3}
      propertyPath: m_LocalRotation.w
      value: 0.23702727
      objectReference: {fileID: 0}
    - target: {fileID: 4792935863598470, guid: 9e7134bd16b21cc4a8551794a16703c4, type: 3}
      propertyPath: m_RootOrder
      value: 0
      objectReference: {fileID: 0}
    - target: {fileID: 4792935863598470, guid: 9e7134bd16b21cc4a8551794a16703c4, type: 3}
      propertyPath: m_LocalEulerAnglesHint.x
      value: 0
      objectReference: {fileID: 0}
    - target: {fileID: 4792935863598470, guid: 9e7134bd16b21cc4a8551794a16703c4, type: 3}
      propertyPath: m_LocalEulerAnglesHint.y
      value: -144.42401
      objectReference: {fileID: 0}
    - target: {fileID: 4792935863598470, guid: 9e7134bd16b21cc4a8551794a16703c4, type: 3}
      propertyPath: m_LocalEulerAnglesHint.z
      value: -78.23
      objectReference: {fileID: 0}
    m_RemovedComponents:
    - {fileID: 95675362274646332, guid: 9e7134bd16b21cc4a8551794a16703c4, type: 3}
  m_SourcePrefab: {fileID: 100100000, guid: 9e7134bd16b21cc4a8551794a16703c4, type: 3}
--- !u!4 &3700785113786230610 stripped
Transform:
  m_CorrespondingSourceObject: {fileID: 4792935863598470, guid: 9e7134bd16b21cc4a8551794a16703c4,
    type: 3}
  m_PrefabInstance: {fileID: 3695998794540554964}
  m_PrefabAsset: {fileID: 0}
--- !u!1001 &7315876397957125705
PrefabInstance:
  m_ObjectHideFlags: 0
  serializedVersion: 2
  m_Modification:
    m_TransformParent: {fileID: 8510549957794472765}
    m_Modifications:
    - target: {fileID: 1688207647419120, guid: 9e7134bd16b21cc4a8551794a16703c4, type: 3}
      propertyPath: m_Name
      value: Prop_Axe_01
      objectReference: {fileID: 0}
    - target: {fileID: 1688207647419120, guid: 9e7134bd16b21cc4a8551794a16703c4, type: 3}
      propertyPath: m_Layer
      value: 10
      objectReference: {fileID: 0}
    - target: {fileID: 1688207647419120, guid: 9e7134bd16b21cc4a8551794a16703c4, type: 3}
      propertyPath: m_TagString
      value: Untagged
      objectReference: {fileID: 0}
    - target: {fileID: 4792935863598470, guid: 9e7134bd16b21cc4a8551794a16703c4, type: 3}
      propertyPath: m_LocalPosition.x
      value: 0.341
      objectReference: {fileID: 0}
    - target: {fileID: 4792935863598470, guid: 9e7134bd16b21cc4a8551794a16703c4, type: 3}
      propertyPath: m_LocalPosition.y
      value: 0.068
      objectReference: {fileID: 0}
    - target: {fileID: 4792935863598470, guid: 9e7134bd16b21cc4a8551794a16703c4, type: 3}
      propertyPath: m_LocalPosition.z
      value: -0.136
      objectReference: {fileID: 0}
    - target: {fileID: 4792935863598470, guid: 9e7134bd16b21cc4a8551794a16703c4, type: 3}
      propertyPath: m_LocalRotation.x
      value: -0.2623843
      objectReference: {fileID: 0}
    - target: {fileID: 4792935863598470, guid: 9e7134bd16b21cc4a8551794a16703c4, type: 3}
      propertyPath: m_LocalRotation.y
      value: 0.29973358
      objectReference: {fileID: 0}
    - target: {fileID: 4792935863598470, guid: 9e7134bd16b21cc4a8551794a16703c4, type: 3}
      propertyPath: m_LocalRotation.z
      value: -0.6715064
      objectReference: {fileID: 0}
    - target: {fileID: 4792935863598470, guid: 9e7134bd16b21cc4a8551794a16703c4, type: 3}
      propertyPath: m_LocalRotation.w
      value: 0.6248148
      objectReference: {fileID: 0}
    - target: {fileID: 4792935863598470, guid: 9e7134bd16b21cc4a8551794a16703c4, type: 3}
      propertyPath: m_RootOrder
      value: 2
      objectReference: {fileID: 0}
    - target: {fileID: 4792935863598470, guid: 9e7134bd16b21cc4a8551794a16703c4, type: 3}
      propertyPath: m_LocalEulerAnglesHint.x
      value: -184.282
      objectReference: {fileID: 0}
    - target: {fileID: 4792935863598470, guid: 9e7134bd16b21cc4a8551794a16703c4, type: 3}
      propertyPath: m_LocalEulerAnglesHint.y
      value: -133.199
      objectReference: {fileID: 0}
    - target: {fileID: 4792935863598470, guid: 9e7134bd16b21cc4a8551794a16703c4, type: 3}
      propertyPath: m_LocalEulerAnglesHint.z
      value: 87.728
      objectReference: {fileID: 0}
    m_RemovedComponents:
    - {fileID: 95675362274646332, guid: 9e7134bd16b21cc4a8551794a16703c4, type: 3}
  m_SourcePrefab: {fileID: 100100000, guid: 9e7134bd16b21cc4a8551794a16703c4, type: 3}
--- !u!4 &7320093172530588623 stripped
Transform:
  m_CorrespondingSourceObject: {fileID: 4792935863598470, guid: 9e7134bd16b21cc4a8551794a16703c4,
    type: 3}
  m_PrefabInstance: {fileID: 7315876397957125705}
  m_PrefabAsset: {fileID: 0}
--- !u!1 &7314630540568018105 stripped
GameObject:
  m_CorrespondingSourceObject: {fileID: 1688207647419120, guid: 9e7134bd16b21cc4a8551794a16703c4,
    type: 3}
  m_PrefabInstance: {fileID: 7315876397957125705}
  m_PrefabAsset: {fileID: 0}
